2424 3732
396 189 710 254 1ΟΔΤΣΣΕΙΑΣ
733 195 771 256 V.

171 333 211 410 ἐξ
224 331 307 406 άλός,
321 325 371 398 066
385 357 417 396 τε
430 330 530 397 πολλὰ
543 333 645 418 τρέφει
658 327 978 418 ιιλυτδςέέμφιτρέτη·Δ

172 423 296 488 οἶδμ’
258 449 325 507 γαρ,
340 419 380 495 ὥς
392 448 469 534 μρι
459 424 625 506 ὀδώδυσται
644 423 752 496 κλυτὸς
764 423 988 534 Ἐννφσέγαιος..

216 510 320 585 '‘Eoec
308 541 324 576 ο
338 510 469 577 ταῦθ’
445 539 573 598 ωρμαινε
586 510 665 577 κατά
680 514 776 598 φρένα
788 509 839 577 καὶ
852 537 932 577 κατα
917 511 1052 598 θυμόν,

4 643 5 646 ¹
85 609 155 670 425
172 602 276 688 τόφρα
291 602 326 667 δέ
333 628 384 685 μιν
389 603 471 714 μέγα
484 609 562 716 κόμμ
581 605 652 687 φέρε
667 613 809 714 τρηγεῖαν
824 602 903 667 έπΗ
883 605 983 686 ακτήν.

104 749 106 754 .
175 692 290 808 ένθρικ
306 693 368 803 6666
384 690 630 778 ῥινοδςδρέιφθη,
645 689 742 758 σιινδ’
750 691 841 758 ὀστέ’
858 691 992 780 ἀράχθη,
1054 741 1057 746 -

175 783 204 846 εἰ
209 783 253 866 μὴ
266 779 315 847 ἐπὶ
330 779 417 896 φρεσὶ
430 789 507 866 θῆκε
525 779 585 847 θεά
599 787 769 866 γλαυκῶπις
780 779 908 864 Αθήνη·
983 828 986 840 ·

174 872 361 986 ἀμφοτέρῃσι
375 872 407 938 66
418 870 519 986 γερσὶν
529 871 730 986 ἐπεσσύμενος
743 870 818 958 λάβε
831 873 983 956 πέτρης,

173 969 228 1045 τῆς
238 964 325 1076 ἔχετο
339 964 499 1046 στενάχων,
514 961 580 1036 εἵως
591 965 666 1047 μέγα
680 968 758 1046 κῦμα
771 969 937 1047 παρῆλθεν.

93 1057 180 1118 430
172 1049 224 1117 καὶ
238 1050 273 1120 τό
286 1053 340 1137 μέν
353 1051 394 1127 ὥς
406 1054 553 1140 ὑπάλυξε
567 1053 770 1139 παλιρρόθιον
784 1055 818 1118 δέ
830 1080 881 1136 μιν
894 1049 981 1128 αότις

172 1144 313 1255 πλῆξεν’
297 1141 505 1227 επεσσόμενον,
515 1148 606 1227 τηλοῦ
619 1147 653 1208 δέ
662 1170 712 1228 μιν
725 1144 886 1228 έμβαλε’
847 1171 960 1226 ποντφ
1041 1205 1044 1211 ,
1122 1204 1126 1212 .

171 1231 289 1307 ὡςδ”
272 1260 323 1300 οτε
337 1235 537 1310 πουλύποδος,
551 1235 694 1345 θαλάμης
708 1235 921 1317 ἐξελκομένοιο,

171 1323 249 1409 πρὸς
261 1327 494 1440 κοτυληδονόφιν
508 1351 628 1390 πυκιναι
619 1321 758 1408 λάῖγγες
771 1325 904 1408 έχονται·

172 1441 214 1486 ως
227 1419 281 1479 τοῦ
294 1416 371 1508 πρὸς
384 1417 509 1501 πέτρῃσι
522 1415 731 1531 66666666'
711 1415 771 1480 απὸ
785 1420 892 1498 χειρῶν

95 1503 183 1570 435
167 1528 246 1620 ρινοι
237 1497 470 1591 ἀπέδρυφθεν·
484 1506 537 1572 τὸν
550 1505 581 1570 δέ
594 1508 668 1592 μέγα
682 1511 760 1588 κόμα
774 1502 919 1592 κάλυψεν.

168 1594 247 1711 όνθρι
259 1621 291 1660 κε
305 1597 340 1678 δὴ
354 1597 524 1706 δόστηνος
510 1597 679 1683 υπέρμορον
692 1595 778 1660 ὤλετ’γ
791 1593 954 1673 Ὀδυσσεύς,
1023 1615 1026 1621 ’

169 1683 198 1748 εἰ
206 1713 246 1767 μη
260 1685 471 1794 έπιφροσόνην·
475 1693 550 1795 δῶηε
546 1691 732 1798 γλαηκῶτιις
741 1682 865 1796 Αθάνη.

168 1773 303 1856 κάματος
316 1771 472 1850 έξαναδός,
493 1771 560 1840 τότ’
574 1771 755 1858 έρεόγεταιγ
737 1769 902 1858 ἤπειρόνδε,
1009 1807 1011 1813 ,

168 1889 238 1978 νηγε
251 1865 386 1948 παρέξ,
370 1889 400 1936 ες
413 1875 500 1947 γαῖαν
513 1862 671 1951 ὁρώμενος,
686 1861 716 1928 εἴ
725 1889 783 1928 που
797 1860 919 1971 ἐφεύροι
972 1921 975 1927 ,
991 1881 993 1889 ’
1025 1933 1027 1936 ,

95 1957 203 2020 440’
168 1953 274 2034 ηιόνας
286 1978 319 2017 τε
332 1959 474 2070 ηιαραπλῆ
476 1981 538 2038 γας,
552 1956 673 2037 λιμένας
686 1979 719 2018 τε
731 1950 900 2035 θαλάσσης.

169 2038 268 2107 ἀλλ”
249 2067 301 2108 οτε
314 2043 355 2153 δη
362 2055 510 2160 ποταμφῖφ
525 2042 604 2132 κατά
617 2046 721 2160 στόμα
726 2045 900 2132 καλλιρόοιο

168 2133 257 2210 ἷξε’
223 2159 304 2210 νεων,
319 2140 355 2246 τη
340 2137 446 2217 ’δηΗ
417 2162 445 2200 οι
458 2137 576 2250 ἐείσατο
589 2142 687 2250 γάρος
700 2134 834 2251 ἄριστος,

166 2229 244 2298 λεῖος
257 2223 405 2311 πετράων,
419 2223 470 2291 καὶ
484 2223 533 2291 ἐπὶ
547 2227 658 2300 σκέπας
667 2255 706 2338 ην
719 2228 856 2310 ἀνέμοιο·
943 2295 951 2308 ρ

167 2314 236 2399 έγνοι
251 2315 282 2382 δὲ
297 2318 476 2430 προρέοντμ,
490 2344 541 2382 και
532 2313 690 2431 εόξατο’“
675 2345 709 2384 ον
722 2314 802 2384 κατὰ
814 2315 927 2400 θυμόν
966 2355 969 2362 ·

101 2409 154 2472 445
208 2411 323 2482 166666,
338 2406 454 2484 άναξ,”
438 2435 504 2482 οτις
517 2408 595 2474 ε’σσέ·
608 2406 809 2520 πολύλλιστον
822 2407 919 2472 δέσ”
909 2404 1009 2483 ικάνοι,
1087 2475 1091 2482 ,

168 2492 280 2582 φεόγων
293 2499 325 2562 ἐκ
338 2497 463 2612 πόντοιρ
477 2497 722 2610 Πρσειδάωνος’
707 2498 820 2570 ενιπάς.

166 2585 331 2661 αι’δοῖος’
292 2615 345 2672 μεν
358 2615 376 2654 τ
399 2585 462 2654 ε’στλ
476 2617 526 2654 και
518 2586 725 2702 ἀθανάτοισι
738 2597 865 2702 666666,

167 2675 310 2760 ἀνδρῶν’
294 2705 376 2794 ιγςτις
389 2677 488 2762 ἵκηται
502 2677 704 2792 άλοόμεηος,
685 2707 725 2754 ως
738 2674 789 2743 καὶ
802 2674 858 2790 676
871 2704 962 2742 νον

156 2768 215 2834 σόν
227 2795 260 2834 τε
274 2769 355 2855 ῥόον,
369 2771 409 2834 σά
422 2796 455 2835 τε
468 2768 617 2884 766666’
607 2771 708 2847 ιιιάνοι,
719 2767 827 2880 πολλὰ
839 2770 980 2852 μογήσας.

104 2864 153 2922 450
165 2859 227 2924 αλλ’
240 2859 364 2945 έλέαιρε,
378 2859 496 2976 6666·t
486 2863 583 2943 ικέτης
596 2862 631 2926 δέ
641 2887 688 2926 τοι
700 2860 824 2975 εόγρμαι
838 2861 921 2922 εἶναι.
958 2909 961 2914 .

201 2945 258 3024 Ὣς
271 2949 360 3033 φάθ’·
376 2980 392 3016 ο
381 2954 438 3016 δ’
449 2952 558 3016 αὐτίκα
570 2957 684 3016 παῦσεν
693 2948 742 3016 ε’δν
752 2951 832 3064 6606,
846 2947 911 3030 έσγε
924 2943 1003 3014 δέ’
968 2969 1061 3016 mma·

165 3037 280 3152 πρόσθε
294 3043 329 3106 δέ
339 3042 369 3107 οἱ
381 3042 452 3125 ποίη
455 3067 488 3156 66
501 3044 635 3126 γαλήνην,
654 3039 748 3156 τόνδ’
764 3037 904 3156 ι’σάφσεν

166 3128 509 3242 ε’ςποταμοῦπροχιγάς
529 3130 631 3198 66⁸
611 3134 658 3216 αρ’
672 3129 763 3214 άμφοο
782 3127 904 3214 γοόνατ
903 3127 1059 3252 έκαμιγει,

166 3219 263 3306 γειράς
277 3249 310 3288 τε
324 3221 484 3334 στιβαράς·
504 3218 598 3286 666
568 3249 624 3308 γαρ
638 3223 764 3338 δέδμητο
779 3220 918 3304 φι’λον”
882 3247 955 3306 κηρ.

4 3331 7 3410 η’
106 3313 151 3375 45·
125 3317 154 3374 λε
166 3308 232 3399 φ’δεε
247 3311 279 3379 66
291 3317 369 3402 γρόα
382 3312 497 3378 πάντα·
511 3311 657 3379 θάλασσα
671 3312 703 3378 δέ
715 3315 796 3398 κη’κιε
810 3311 908 3396 πολλη
