2438 3734
172 229 238 292 1⁴90
466 224 761 289 ΟΔΤΣΣΕΙΑΣ
790 233 838 292 Μ.

238 366 374 454 ε’γγέθεν·
389 369 423 432 οὐ
436 364 492 454 γάρ
506 374 575 452 τῆλε
588 368 653 442 νεός
666 368 893 456 κυανοπρώροιο
936 375 939 382 ’

166 470 220 530 355
233 461 429 546 βοσκέσκονθ’
443 460 538 532 ἕλικες
551 456 641 524 καλαὶ
655 460 731 544 βόες,
745 461 962 544 εὐρυμέτωποι·

237 548 293 623 τάς
307 548 337 614 δὲ
351 552 577 635 περιστήσαντο,
591 548 641 614 καὶ
655 547 834 634 εὐχετόωντο
847 562 974 628 θεοῖσιν,

237 640 338 724 φόλλα
352 638 534 726 δρεψάμενοι
547 642 650 726 τέρενα
664 641 752 725 δρυὸς
765 638 946 725 ὑψικόμοιο·

237 734 273 798 οὐ
285 729 341 816 γὰρ
355 732 421 814 έχον
434 742 486 815 κρῖ
495 728 598 796 λευκὸν
611 732 770 814 ἐϋσσέλμου
783 729 836 795 ε’ττλ
845 721 937 814 νηός.’
982 791 985 797 .

236 819 333 907 αὐτὰρ
347 821 413 886 έπεί
423 821 455 906 ῥ’
469 820 602 898 εὐξαντο,
617 819 667 886 καὶ
681 823 814 904 ἔσφαξαν
826 820 876 886 καὶ
890 824 1016 909 ἔδειραν,
1040 822 1043 832 ’

165 925 219 981 360
231 910 343 998 μηρούς
356 914 382 976 τ’
396 912 548 995 ἐξέταμον,
563 910 642 976 κατά
655 939 688 978 τε
701 913 803 994 κνίσσῃ
816 913 983 999 ἐκάλυψαν,

237 1005 365 1086 δίπτυχα
379 1004 567 1084 ποιήσαντες,
581 1003 624 1067 ἐπ’
642 1005 740 1068 αὐτῶν
754 1006 784 1067 δ’
799 1003 1012 1088 ὠμοθέτησαν·

237 1093 302 1180 οὐδ’
318 1095 396 1175 εἶχον
408 1094 487 1175 μέθυ
501 1098 604 1177 λεῖψαι
613 1093 663 1157 ἀπ’
678 1095 854 1176 αἰθομένοις
868 1095 998 1180 ἱεροῖσιν,

236 1185 302 1248 ἀλλ’
316 1179 403 1246 ὐδατι
417 1184 591 1256 σπένδοντες
605 1185 750 1250 ἐπώπτων
764 1186 874 1268 ἔγκατα
888 1185 997 1250 πάντα.

158 1311 173 1332 ς
236 1268 332 1358 αὐτάρ
346 1268 409 1337 ἐπεὶ
422 1270 500 1337 κατά
512 1277 579 1359 μῆρ’
594 1272 674 1358 ε’κάη,
689 1273 738 1339 καὶ
752 1276 895 1358 σπλάγχν’
909 1276 1071 1352 ἐπάσαντο,

165 1374 219 1432 365
232 1361 393 1448 μίστυλλόν
406 1363 430 1429 τ’
446 1361 506 1449 άρα
520 1367 546 1428 τ’
561 1363 649 1440 άλλα,
670 1363 720 1430 καί
734 1368 807 1448 ἀμφ’
821 1370 967 1448 ὀβελοῖσιν
980 1367 1109 1450 ἔπειραν.

281 1451 345 1518 Καὶ
358 1453 428 1519 τότε
440 1480 491 1537 μοι
504 1453 662 1540 βλεφάρων
676 1457 814 1533 ἐξέσσυτο
828 1453 954 1538 νήδυμος
968 1453 1074 1529 ὐπνος·

325 1545 375 1569 2³!
442 1546 449 1568 δ
475 1542 483 1566 ἱ
517 1550 531 1564 u

235 1549 290 1630 βήν
303 1552 320 1610 δ
348 1571 421 1609 ιεναι
435 1571 483 1610 επι
497 1571 553 1629 νηα
565 1547 645 1627 θοὴν
659 1544 708 1610 καὶ
722 1557 796 1610 θῖνα
809 1546 979 1629 θαλάσσης.

150 1709 153 1718 ¹
235 1636 302 1701 ἀλλ’
316 1632 366 1701 ὅτε
379 1634 532 1721 δι’γσχεδδν
540 1631 665 1722 ήακιών
678 1634 744 1719 νεὸς
757 1637 963 1717 ἀμφιελίσσης,

235 1723 287 1792 καί
300 1723 368 1792 τότε
380 1755 416 1809 με
430 1727 549 1809 κνίσσης
563 1727 740 1809 ἀμφήλυθεν
753 1722 950 1812 ήδύςάὐτμή·
965 1769 968 1780 ·

164 1830 219 1885 370
233 1815 365 1902 οἰμώξας
378 1816 409 1882 δὲ
421 1827 521 1881 θεοῖσι
533 1819 596 1898 μετ’
611 1814 795 1882 ἀθανάτοισι
808 1816 961 1900 γεγώνευν·

218 1990 221 1995 ¹
279 1914 338 1975 Ζεῦ
351 1907 456 1993 πάτερ,
469 1909 518 1990 ἠδ’
533 1905 621 1990 άλλοι
633 1907 766 1994 μάκαρες
780 1905 848 1972 θεοὶ
862 1906 924 1972 αι’ὲν
937 1903 1045 1982 ἐόντες,
1060 1957 1062 1962 -

234 1995 253 2082 ἦ
266 2027 302 2083 με
313 1996 381 2082 μάλ’
398 1998 440 2070 είς
454 1993 529 2080 άτην
542 2002 702 2082 κοιμήσατε
716 2000 799 2081 νηλέϊ
806 1997 898 2078 ὐπνιρ,
925 2036 927 2042 -

237 2091 265 2156 οἱ
279 2091 310 2154 δ’
321 2089 513 2171 ’έταροιμέγα
527 2090 610 2168 ἔργον
625 2090 802 2168 ἐμητίσαντο
816 2090 970 2167 μένοντες]

228 2186 231 2192 ’
281 2177 370 2241 Ὠκέα
384 2179 415 2238 δ’
426 2175 537 2253 Ἠελίῳ
549 2176 700 2259 Ὑπερίονι
714 2175 836 2257 άγγελος
850 2171 953 2256 ἦλθεν,

76 2321 80 2325 .
165 2279 219 2336 375
232 2264 392 2348 Λαμπετίη
405 2263 604 2337 τανύπεπλος,
620 2261 635 2326 ό
650 2265 678 2327 οἱ
690 2265 765 2348 βόας
779 2266 902 2347 ἔκταμεν
914 2269 1005 2347 ἡμεῖς.

29 3382 85 3408 Β.

236 2352 344 2422 αὐτίκα
358 2356 388 2417 δ’
403 2353 588 2418 ἀθανάτοισι
600 2355 742 2438 μετηύδα,
755 2356 906 2439 χωόμενος
918 2360 987 2438 κῆρ·
1017 2394 1019 2400 ν
1059 2403 1063 2412 .

279 2449 339 2509 Ζεύ
352 2439 457 2529 πάτερ,
470 2446 520 2526 ἡδ’
534 2442 621 2509 άλλοι
634 2443 767 2530 μάκαρες
779 2441 849 2512 θεοὶ
863 2443 925 2512 αι’ὲν
940 2445 1048 2520 ἐόντες,

235 2543 318 2602 τῖσαι
332 2535 365 2618 δή
379 2535 505 2620 ἑτάρους
517 2536 711 2622 Λαερτιάδεω
718 2533 870 2620 Ὀδυσῆος,

235 2625 328 2710 οίμευ
342 2627 413 2712 βοός
428 2626 558 2693 ἔκτειναν
572 2628 724 2712 ὑπέρβιον·
739 2623 803 2710 ήσιν
816 2628 903 2712 ἔγωγε
971 2673 972 2676 ¹
1033 2665 1050 2688 ε

165 2729 219 2786 880
231 2717 389 2803 χαίρεσκον
401 2716 453 2800 μέν
469 2716 520 2788 ίάιν
534 2719 575 2792 εἰς
590 2719 715 2802 οὐρανόν
730 2719 919 2804 ἀστερόεντα,

234 2811 284 2892 ἠδ’
299 2809 383 2874 ὁπότ’
397 2805 449 2893 ἀψ
459 2807 507 2874 ε’πλ
520 2820 608 2892 γαῖαν
621 2812 672 2873 ἀπ’
687 2810 854 2894 οὐρανόθεν
867 2807 1106 2894 προτραποίμην.

236 2900 264 2964 εἰ
274 2901 309 2965 δέ
318 2925 370 2982 μοι
384 2901 418 2964 οὐ
433 2899 549 2966 τίσουσι
562 2906 640 2984 βοών
650 2901 777 2964 Ιἐπιεικέ’
791 2901 926 2985 ἀμοιβήν,

235 2990 363 3072 δύσομαι
377 2989 419 3062 εἰς
431 2986 543 3064 Ᾰΐδαο,
557 2988 606 3054 καί
621 2992 650 3054 ἐν
664 2991 795 3056 νεκύεσσι
809 2991 931 3074 φαείνω.

265 3080 345 3162 ρΤὸν
360 3082 390 3144 δ’
405 3081 642 3164 ἀπαμειβόμενος
656 3083 789 3164 προςέφη
802 3081 1015 3168 νεφεληγερέτα
1028 3056 1122 3155 Ζεύς.·

166 3182 219 3238 385
232 3171 332 3245 Ἠέλι’,
346 3169 411 3254 ήτοι
424 3169 477 3253 μὲν
491 3167 526 3234 σὺ
538 3173 601 3251 μετ’
616 3169 799 3237 ἀθανάτοισι
813 3174 922 3256 φάεινε,

236 3259 287 3326 καί
301 3269 438 3343 θνητοῖσι
451 3267 600 3345 βροτοῖσιν
615 3258 662 3346 ἐπὶ
677 3262 813 3350 ζείδωρον
827 3261 972 3351 άρουραν·
989 3291 995 3296 ’

238 3357 297 3417 τῶν
311 3358 341 3416 δε
355 3378 372 3416 κ
395 3377 450 3443 εγω
463 3348 542 3437 τάχα
555 3357 610 3436 νήνι
624 3354 701 3438 θοὴν
715 3358 820 3446 ἀργήτι
833 3359 965 3447 κεραυνῷ
1024 3404 1028 3410 -

1210 735 1213 814 ⁴

1210 839 1213 932 ι
