2438 3734
140 96 229 220 200¹
383 205 386 213 .
446 142 746 210 ΟΛΤΣΣΕΙΑΣ
769 148 815 210 Ν.

252 287 352 364 αὨς
323 283 422 363 main,
436 286 584 401 τρίποδας
597 286 796 370 περικαλλέας
807 283 858 368 ἠδὲ
871 286 999 373 λέβητας

212 381 335 494 ἠρίθμει
349 376 399 445 καλ
392 378 532 495 χρυσὸν,
544 374 665 458 ὑφαντά
678 403 710 442 τε
723 373 831 460 εἵματα
843 375 934 443 καλά

213 478 273 537 τῶν
285 469 338 554 μὲν
352 469 400 556 ἄρ’
413 468 479 534 οότι
493 469 600 533 πόθει·
615 470 676 532 ὁδ’
690 467 812 552 ὀδύρετο
827 468 963 555 πατρίδα
978 479 1075 554 γαῖαν,

59 583 63 591 “
142 576 200 634 220
213 559 344 648 ἑρπόζων
356 557 442 646 παρά
454 569 529 624 θῖνα
541 558 788 669 πολυφλοίσβοιο
791 559 963 672 θαλάσσης,

213 651 297 718 πόλλ’
314 651 542 764 ὀλοφυρόμενος.
549 649 701 760 σχεδόθεγ
714 646 748 712 δι’
759 673 787 711 οι
780 644 895 730 ιίγλθεν
907 647 1029 736 Αθήνη,

116 807 119 812 ,
214 738 299 827 άνδρλ
312 741 444 823 δάμας’
416 750 510 806 εικυῖα
522 741 587 853 νείγη,
602 735 763 823 ι’πιβάτορι
773 741 886 822 μήλων,

213 829 440 943 παναπάλῳ,
408 832 469 896 οιοί
478 856 510 894 τε
522 829 660 894 ἀνάκτων
673 829 807 942 φαῖβες”
791 855 883 905 εασιν,

214 922 389 1004 δίπτυχον’
370 922 444 1002 αμφ’
457 918 581 1002 ὤμοισιν
594 919 686 1002 ῖχουσ
704 919 821 1003 εὐεργέα
834 918 959 1002 λώπην·

143 1021 200 1082 225
213 1008 304 1076 ποσσὶ
318 1013 348 1078 δ’
361 1009 420 1074 ὑπὸ
433 1015 587 1094 λιπαροῖσι
601 1009 692 1076 πέδιλ’
709 1009 765 1092 ἔχε,
776 1004 859 1094 χερσὶ
873 1010 900 1072 δ’
917 1008 1039 1077 άκοντα.

213 1100 266 1182 τὴν
279 1102 311 1164 δ’
323 1095 457 1170 Ὀδυσεὺς
470 1101 598 1212 γήθησεν
612 1098 691 1208 ι’διόγ
705 1095 755 1162 καλ
768 1097 903 1172 ἐναντίος
917 1094 1018 1182 ίγλθεν,
1040 1119 1042 1124 “

212 1189 268 1254 καί
277 1215 327 1270 μιν
341 1190 481 1270 φωνήσας
495 1186 567 1250 ἔπεα
568 1185 745 1299 πτερόεητα
758 1186 926 1273 προςηόδα

253 1273 409 1360 Ωφίλ’,’
393 1277 461 1342 επεί
471 1302 503 1342 σε
516 1301 623 1361 πρωτα
636 1303 747 1360 κιχανω
761 1279 865 1358 τωδ
851 1275 892 1342 ενλ
905 1276 1002 1366 χοίρῳ,

213 1369 302 1478 χαῖρέ
311 1395 353 1442 τε,
367 1363 417 1434 καὶ
429 1369 472 1451 μή
480 1366 536 1450 μοί
546 1393 575 1431 τι
588 1372 670 1446 κακῷ
684 1368 743 1480 νόηη
757 1367 976 1452 ἀντιβολήσαις,

143 1471 199 1528 230
213 1456 291 1524 ἀλλά
304 1455 369 1523 σάω
381 1457 434 1540 μὲν
446 1463 552 1532 ταῦτα,
566 1455 631 1520 σάω
645 1457 704 1520 δ”
689 1458 751 1539 εμέ·
766 1454 813 1522 σοὶ
827 1456 882 1570 γάρ
894 1459 982 1570 όγφγε

214 1547 348 1632 εὔχομαι,
362 1545 435 1622 άςτε
445 1553 521 1662 θεῷ,
535 1549 589 1612 καί
599 1572 649 1611 σευ
663 1549 738 1630 φίλα
750 1545 900 1662 γοόναβ’
890 1546 1022 1616 ικάνωμ

158 1667 162 1674 “’
214 1638 269 1703 καί
277 1663 328 1722 μοι
341 1639 420 1705 τοῦτ’
436 1638 597 1751 ἀγόρευσον
612 1640 763 1721 ι’τήτυμον,
778 1637 846 1747 ὄφρ’
861 1665 892 1703 ευ
876 1633 988 1704 είδῶ·

214 1730 261 1801 τίς
273 1734 318 1836 γή,
331 1729 378 1802 τίς
391 1730 538 1844 δήμος,’
505 1756 583 1802 τινες
596 1730 696 1844 άνόρες
709 1723 898 1812 ῖγγεγάασινς
975 1805 980 1812 x

213 1813 231 1900 6
245 1817 303 1883 ποό
317 1846 363 1894 τις
375 1823 470 1904 νήσων
483 1820 667 1894 εὐδείελος,’
651 1819 686 1900 ηό
696 1845 742 1892 τις
757 1816 832 1900 άκτή

144 1918 198 1974 235
212 1910 289 1973 κεῖθ’
303 1905 353 1972 άλλ
366 1911 517 1991 κεκλιμένη
531 1907 743 2020 ἐριβώλακος’
727 1910 881 1994 ηπείροιο·
868 1956 879 1983 ,

263 1998 324 2071 Τὸν
338 2000 369 2062 δ’
383 1994 454 2062 αότε
467 2000 621 2105 προςόειπε
634 1995 695 2060 θεὰ
709 2003 879 2078 γλαυκῶπις
890 1991 1016 2080 Αθήνη·

213 2089 318 2200 νήπιός
332 2087 383 2159 εἰς,
397 2113 420 2148 ω
404 2083 541 2160 ξειν,
524 2111 542 2163 η
557 2085 685 2162 τηλόθεν
699 2087 891 2163 εἰλήλουθας,

214 2205 240 2242 ει
234 2178 287 2258 ’δή
301 2177 386 2280 τήνδε
398 2197 433 2236 τε
444 2181 531 2254 γαῖαν
545 2170 682 2280 άγείρεαι.
696 2172 766 2254 οὐδέ
776 2199 806 2235 τι
819 2174 884 2252 λίην

214 2263 292 2331 οότοο
306 2258 439 2341 νοόνυμός
452 2261 545 2323 ἐστιν·
561 2257 642 2323 ίσασι
656 2261 690 2322 δέ
699 2286 749 2341 μιν
761 2258 846 2342 μάλα
860 2259 977 2338 πολλοί,

143 2360 227 2422 240’
211 2353 281 2437 ημὲν
294 2349 360 2418 ὅσοι
372 2348 490 2414 ναίουσι
504 2350 580 2435 πρὸς
592 2350 693 2412 'H6'
667 2377 684 2414 τ
706 2346 824 2417 Ἠέλιόν
837 2379 879 2428 τε,

182 2443 258 2556 ηδ
276 2439 361 2507 όσσοι
373 2439 541 2522 μετόπισθε
554 2466 624 2550 πγτι
616 2435 761 2526 6666}
743 2444 892 2529 ηερόεντα.

210 2531 278 2614 ήτοι
287 2559 342 2616 μεν
354 2540 477 2624 τρηχεῖα
489 2527 539 2595 καλ
554 2530 606 2616 οὐχ
621 2531 818 2643 ἱππήλατός’
803 2561 894 2612 εστιν,

212 2563 279 2688 6666
279 2617 357 2736 λίηη
368 2619 507 2736 λυπρή,’
488 2619 566 2706 ατὰρ
581 2622 645 2687 οόδ
663 2621 760 2707 εὐρεῖα
774 2627 922 2692 τέτυκται.

210 2715 241 2778 ε’ν
253 2713 305 2795 μὲν
318 2710 374 2798 γάρ
388 2713 418 2776 οῖ
431 2723 513 2786 σῖτος
527 2713 741 2830 οἰθε’ςφατος,’
726 2743 756 2779 εν
770 2717 805 2780 δι’
815 2742 847 2781 τε
861 2719 940 2826 οἶηος

139 2805 239 2872 245'
208 2830 351 2889 γιγνεται·
366 2829 424 2868 αιει
415 2799 468 2868 δ
483 2801 623 2888 όμβρος”
607 2831 674 2888 εχει,
688 2805 878 2870 τεθαλυῖά’
851 2831 869 2868 τ
891 2802 989 2883 ἐέρση·

209 2895 362 2980 αἰγίβοτος
376 2896 407 2958 δ’
422 2893 524 2978 ἀγαθή
537 2891 587 2958 καλ
600 2893 761 2980 βούβοτος·
780 2895 844 2958 ίστι
856 2891 908 2976 μὲν
921 2889 977 2976 όλη

209 2988 345 3068 παντοίη,
359 2985 389 3048 ἐν
403 2987 433 3049 δ’
448 2980 557 3068 άρδμοῖ
570 2980 727 3066 ἐπηετανοὶ
741 2984 918 3096 παρίασιν.

208 3081 251 3156 τῷ
264 3102 321 3151 τοι,
336 3077 434 3152 ξεῖν”,
430 3071 547 3184 Ιθάηης
560 3101 591 3152 γε
604 3071 654 3138 καλ
668 3075 698 3144 ἐς
714 3071 856 3156 Τροίην
839 3073 918 3187 οηομ’
935 3071 998 3149 ἵκει,

207 3167 315 3277 τήηπερ
329 3171 420 3278 τηλοῦ
434 3161 525 3247 φασὶν
536 3159 685 3246 Αχαιῖδος
699 3161 869 3245 ἕμμεναι”
833 3191 908 3246 αιης.
1076 3240 1079 3242 ,

136 3267 192 3320 250
244 3253 300 3330 Ὣς
315 3256 411 3338 φάτο·
425 3257 554 3340 γήθησεν
568 3251 599 3316 δὲ
613 3252 767 3328 πολότλας
781 3262 844 3330 δῖος
856 3254 1020 3330 Ὀδυσσεός,

16 3446 104 3468 Α
