<?xml version="1.0" encoding="UTF-8"?>
<!DOCTYPE html PUBLIC "-//W3C//DTD XHTML 1.0 Transitional//EN"
    "http://www.w3.org/TR/xhtml1/DTD/xhtml1-transitional.dtd">
<html xmlns="http://www.w3.org/1999/xhtml" xml:lang="en" lang="en">
 <head>
  <title>
</title>
<meta http-equiv="Content-Type" content="text/html;charset=utf-8" />
  <meta name='ocr-system' content='tesseract 3.04.00' />
  <meta name='ocr-capabilities' content='ocr_page ocr_carea ocr_par ocr_line ocrx_word'/>
</head>
<body>
  <div class='ocr_page' id='page_1' title='image "./carmina01homegoog_0394.png"; bbox 0 0 2382 3732; ppageno 0'>
   <div class='ocr_carea' id='block_1_1' title="bbox 139 207 902 286">
    <p class='ocr_par' dir='ltr' id='par_1_1' title="bbox 139 207 902 286">
     <span class='ocr_line' id='line_1_1' title="bbox 139 207 902 286; baseline 0.022 -18"><span class='ocrx_word' id='word_1_1' title='bbox 139 207 206 268; x_wconf 78' lang='lat'><strong><em>378</em></strong></span> <span class='ocrx_word' id='word_1_2' title='bbox 343 209 413 274; x_wconf 85' lang='lat' dir='ltr'><strong><em>BA</em></strong></span> <span class='ocrx_word' id='word_1_3' title='bbox 422 212 640 280; x_wconf 84' lang='lat' dir='ltr'><em>TPAXOM</em></span> <span class='ocrx_word' id='word_1_4' title='bbox 646 219 902 286; x_wconf 80' lang='grc' dir='ltr'><em>ΤΟΜΑΧΙΑ</em></span> 
     </span>
    </p>
   </div>
   <div class='ocr_carea' id='block_1_2' title="bbox 117 347 1114 3055">
    <p class='ocr_par' dir='ltr' id='par_1_2' title="bbox 117 347 1112 3055">
     <span class='ocr_line' id='line_1_2' title="bbox 208 347 1008 473; baseline 0.02 -62"><span class='ocrx_word' id='word_1_5' title='bbox 208 347 388 435; x_wconf 76' lang='grc' dir='ltr'><strong><em>λιμνοχαρῆς</em></strong></span> <span class='ocrx_word' id='word_1_6' title='bbox 401 347 617 468; x_wconf 82' lang='grc' dir='ltr'><strong><em>πολύφημος,’</em></strong></span> <span class='ocrx_word' id='word_1_7' title='bbox 599 381 671 431; x_wconf 84' lang='grc' dir='ltr'><strong><em>επος</em></strong></span> <span class='ocrx_word' id='word_1_8' title='bbox 684 358 714 421; x_wconf 86' lang='grc' dir='ltr'><strong><em>δ’</em></strong></span> <span class='ocrx_word' id='word_1_9' title='bbox 713 356 898 473; x_wconf 71' lang='grc' dir='ltr'><strong><em>ἐφθέγξατο</em></strong></span> <span class='ocrx_word' id='word_1_10' title='bbox 911 369 1008 428; x_wconf 83' lang='grc' dir='ltr'><strong><em>τοῖον·</em></strong></span> 
     </span>
     <span class='ocr_line' id='line_1_3' title="bbox 251 439 1114 564; baseline 0.016 -59.437"><span class='ocrx_word' id='word_1_11' title='bbox 251 439 343 515; x_wconf 83' lang='grc' dir='ltr'><strong><em>Ξεῖνι,</em></strong></span> <span class='ocrx_word' id='word_1_12' title='bbox 356 469 402 514; x_wconf 92' lang='grc' dir='ltr'><strong><em>τις</em></strong></span> <span class='ocrx_word' id='word_1_13' title='bbox 381 442 451 518; x_wconf 80' lang='grc' dir='ltr'><strong><em>εἷ</em></strong></span> <span class='ocrx_word' id='word_1_14' title='bbox 443 441 562 508; x_wconf 84' lang='grc' dir='ltr'><strong><em>ποθεν</em></strong></span> <span class='ocrx_word' id='word_1_15' title='bbox 570 439 721 527; x_wconf 85' lang='grc' dir='ltr'><strong><em>ηλθις</em></strong></span> <span class='ocrx_word' id='word_1_16' title='bbox 675 474 711 513; x_wconf 90' lang='grc' dir='ltr'><strong><em>ιπ</em></strong></span> <span class='ocrx_word' id='word_1_17' title='bbox 728 445 817 530; x_wconf 69' lang='grc' dir='ltr'><strong><em>ᾐόνας</em></strong></span> <span class='ocrx_word' id='word_1_18' title='bbox 830 476 876 523; x_wconf 88' lang='grc' dir='ltr'><strong><em>τις</em></strong></span> <span class='ocrx_word' id='word_1_19' title='bbox 884 451 954 517; x_wconf 89' lang='grc' dir='ltr'><strong><em>δι</em></strong></span> <span class='ocrx_word' id='word_1_20' title='bbox 927 475 947 515; x_wconf 92' lang='grc' dir='ltr'><strong><em>σ</em></strong></span> <span class='ocrx_word' id='word_1_21' title='bbox 962 451 978 516; x_wconf 87' lang='lat'><strong><em>6</em></strong></span> <span class='ocrx_word' id='word_1_22' title='bbox 985 449 1114 564; x_wconf 82' lang='grc' dir='ltr'><strong><em>φύσας,·</em></strong></span> 
     </span>
     <span class='ocr_line' id='line_1_4' title="bbox 207 528 958 624; baseline 0.016 -31"><span class='ocrx_word' id='word_1_23' title='bbox 207 528 308 595; x_wconf 88' lang='grc' dir='ltr'><strong><em>πάντα</em></strong></span> <span class='ocrx_word' id='word_1_24' title='bbox 322 534 349 595; x_wconf 87' lang='grc' dir='ltr'><strong><em>δ’</em></strong></span> <span class='ocrx_word' id='word_1_25' title='bbox 364 530 587 615; x_wconf 81' lang='grc' dir='ltr'><strong><em>α’λήθευσον,</em></strong></span> <span class='ocrx_word' id='word_1_26' title='bbox 553 563 593 620; x_wconf 93' lang='grc' dir='ltr'><strong><em>μη</em></strong></span> <span class='ocrx_word' id='word_1_27' title='bbox 606 539 791 620; x_wconf 84' lang='grc' dir='ltr'><strong><em>ψευδάμενὸν</em></strong></span> <span class='ocrx_word' id='word_1_28' title='bbox 805 564 838 604; x_wconf 87' lang='grc' dir='ltr'><strong><em>σε</em></strong></span> <span class='ocrx_word' id='word_1_29' title='bbox 851 540 958 624; x_wconf 80' lang='grc' dir='ltr'><strong><em>νοήσω.</em></strong></span> 
     </span>
     <span class='ocr_line' id='line_1_5' title="bbox 154 620 899 712; baseline 0.015 -30"><span class='ocrx_word' id='word_1_30' title='bbox 154 620 231 682; x_wconf 87' lang='grc'><strong><em>15’</em></strong></span> <span class='ocrx_word' id='word_1_31' title='bbox 204 645 229 682; x_wconf 90' lang='grc' dir='ltr'><strong><em>ει</em></strong></span> <span class='ocrx_word' id='word_1_32' title='bbox 242 620 299 705; x_wconf 88' lang='grc' dir='ltr'><strong><em>γάρ</em></strong></span> <span class='ocrx_word' id='word_1_33' title='bbox 313 646 345 686; x_wconf 87' lang='grc' dir='ltr'><strong><em>σε</em></strong></span> <span class='ocrx_word' id='word_1_34' title='bbox 358 624 456 706; x_wconf 85' lang='grc' dir='ltr'><strong><em>γνοίην</em></strong></span> <span class='ocrx_word' id='word_1_35' title='bbox 470 625 557 704; x_wconf 87' lang='grc' dir='ltr'><strong><em>φίλον</em></strong></span> <span class='ocrx_word' id='word_1_36' title='bbox 570 625 692 704; x_wconf 53' lang='lat' dir='ltr'>6606st</span> <span class='ocrx_word' id='word_1_37' title='bbox 678 655 708 701; x_wconf 86' lang='grc' dir='ltr'><strong><em>ες</em></strong></span> <span class='ocrx_word' id='word_1_38' title='bbox 720 627 812 712; x_wconf 88' lang='grc' dir='ltr'><strong><em>δόμον</em></strong></span> <span class='ocrx_word' id='word_1_39' title='bbox 825 628 899 706; x_wconf 83' lang='grc' dir='ltr'><strong><em>άξω,</em></strong></span> 
     </span>
     <span class='ocr_line' id='line_1_6' title="bbox 205 713 919 830; baseline 0.017 -58"><span class='ocrx_word' id='word_1_40' title='bbox 205 716 288 830; x_wconf 71' lang='grc' dir='ltr'><strong><em>δρῦρα</em></strong></span> <span class='ocrx_word' id='word_1_41' title='bbox 301 713 336 776; x_wconf 85' lang='grc' dir='ltr'><strong><em>δι’</em></strong></span> <span class='ocrx_word' id='word_1_42' title='bbox 346 739 393 776; x_wconf 91' lang='grc' dir='ltr'><strong><em>τοι</em></strong></span> <span class='ocrx_word' id='word_1_43' title='bbox 408 714 493 778; x_wconf 82' lang='grc' dir='ltr'><strong><em>δώσω</em></strong></span> <span class='ocrx_word' id='word_1_44' title='bbox 507 717 619 798; x_wconf 81' lang='grc' dir='ltr'><strong><em>ξεινηΐοι</em></strong></span> <span class='ocrx_word' id='word_1_45' title='bbox 632 716 732 782; x_wconf 81' lang='grc' dir='ltr'><strong><em>πολλὰ</em></strong></span> <span class='ocrx_word' id='word_1_46' title='bbox 746 746 797 783; x_wconf 90' lang='grc' dir='ltr'><strong><em>και</em></strong></span> <span class='ocrx_word' id='word_1_47' title='bbox 788 717 919 785; x_wconf 84' lang='grc' dir='ltr'><strong><em>ε’σθλά.</em></strong></span> 
     </span>
     <span class='ocr_line' id='line_1_7' title="bbox 205 801 1010 894; baseline 0.004 -22"><span class='ocrx_word' id='word_1_48' title='bbox 205 806 265 889; x_wconf 81' lang='grc' dir='ltr'><strong><em>εἰμι</em></strong></span> <span class='ocrx_word' id='word_1_49' title='bbox 256 801 339 872; x_wconf 76' lang='grc' dir='ltr'><strong><em>δΗ</em></strong></span> <span class='ocrx_word' id='word_1_50' title='bbox 324 835 380 890; x_wconf 87' lang='grc' dir='ltr'><strong><em>εγω</em></strong></span> <span class='ocrx_word' id='word_1_51' title='bbox 366 804 533 892; x_wconf 80' lang='grc' dir='ltr'><strong><em>βασιλεὺς</em></strong></span> <span class='ocrx_word' id='word_1_52' title='bbox 548 805 782 891; x_wconf 81' lang='grc' dir='ltr'><strong><em>Φνσίγναθος,</em></strong></span> <span class='ocrx_word' id='word_1_53' title='bbox 767 835 801 882; x_wconf 90' lang='grc' dir='ltr'><strong><em>ος</em></strong></span> <span class='ocrx_word' id='word_1_54' title='bbox 813 807 893 874; x_wconf 79' lang='grc' dir='ltr'><strong><em>κατὰ</em></strong></span> <span class='ocrx_word' id='word_1_55' title='bbox 906 809 1010 894; x_wconf 83' lang='grc' dir='ltr'><strong><em>λίμνην</em></strong></span> 
     </span>
     <span class='ocr_line' id='line_1_8' title="bbox 205 896 929 982; baseline 0.003 -20"><span class='ocrx_word' id='word_1_56' title='bbox 205 903 346 982; x_wconf 77' lang='grc' dir='ltr'><strong><em>τιμῶμαι,</em></strong></span> <span class='ocrx_word' id='word_1_57' title='bbox 359 899 518 982; x_wconf 74' lang='grc' dir='ltr'><em>βατράχων</em></span> <span class='ocrx_word' id='word_1_58' title='bbox 531 899 689 981; x_wconf 79' lang='grc' dir='ltr'><strong><em>ἡγούμενος</em></strong></span> <span class='ocrx_word' id='word_1_59' title='bbox 702 897 802 980; x_wconf 83' lang='grc' dir='ltr'><strong><em>ἧματα</em></strong></span> <span class='ocrx_word' id='word_1_60' title='bbox 815 896 929 964; x_wconf 88' lang='grc' dir='ltr'><strong><em>πάντα·</em></strong></span> 
     </span>
     <span class='ocr_line' id='line_1_9' title="bbox 206 985 1004 1074; baseline 0.004 -22"><span class='ocrx_word' id='word_1_61' title='bbox 206 987 262 1052; x_wconf 90' lang='grc' dir='ltr'><strong><em>καί</em></strong></span> <span class='ocrx_word' id='word_1_62' title='bbox 270 1015 306 1070; x_wconf 80' lang='grc' dir='ltr'><strong><em>με</em></strong></span> <span class='ocrx_word' id='word_1_63' title='bbox 319 988 416 1069; x_wconf 74' lang='grc' dir='ltr'><strong><em>πατὴρ</em></strong></span> <span class='ocrx_word' id='word_1_64' title='bbox 429 987 546 1069; x_wconf 88' lang='grc' dir='ltr'><strong><em>Πηλεύς</em></strong></span> <span class='ocrx_word' id='word_1_65' title='bbox 559 1012 633 1051; x_wconf 87' lang='grc' dir='ltr'><strong><em>ποτε</em></strong></span> <span class='ocrx_word' id='word_1_66' title='bbox 646 987 772 1070; x_wconf 87' lang='grc' dir='ltr'><strong><em>γείνατο,</em></strong></span> <span class='ocrx_word' id='word_1_67' title='bbox 785 985 1004 1074; x_wconf 66' lang='grc' dir='ltr'><strong><em>’Τδρομεδούση</em></strong></span> 
     </span>
     <span class='ocr_line' id='line_1_10' title="bbox 155 1074 958 1162; baseline -0.001 -21"><span class='ocrx_word' id='word_1_68' title='bbox 155 1091 195 1145; x_wconf 82' lang='lat'><strong><em>20</em></strong></span> <span class='ocrx_word' id='word_1_69' title='bbox 206 1075 327 1161; x_wconf 77' lang='grc' dir='ltr'><strong><em>μιχθείς</em></strong></span> <span class='ocrx_word' id='word_1_70' title='bbox 339 1077 370 1140; x_wconf 79' lang='grc' dir='ltr'><strong><em>ἐν</em></strong></span> <span class='ocrx_word' id='word_1_71' title='bbox 384 1077 523 1156; x_wconf 84' lang='grc' dir='ltr'><strong><em>φιλότητι</em></strong></span> <span class='ocrx_word' id='word_1_72' title='bbox 535 1077 607 1159; x_wconf 83' lang='grc' dir='ltr'><strong><em>παρ’</em></strong></span> <span class='ocrx_word' id='word_1_73' title='bbox 621 1074 720 1158; x_wconf 80' lang='grc' dir='ltr'><strong><em>ὄχθας</em></strong></span> <span class='ocrx_word' id='word_1_74' title='bbox 733 1078 912 1160; x_wconf 89' lang='grc' dir='ltr'><strong><em>Ἠριδανοῖο.</em></strong></span> <span class='ocrx_word' id='word_1_75' title='bbox 952 1147 958 1162; x_wconf 45' lang='grc'>,</span> 
     </span>
     <span class='ocr_line' id='line_1_11' title="bbox 204 1161 1009 1250; baseline 0.001 -18"><span class='ocrx_word' id='word_1_76' title='bbox 204 1163 255 1232; x_wconf 79' lang='grc' dir='ltr'><strong><em>καὶ</em></strong></span> <span class='ocrx_word' id='word_1_77' title='bbox 268 1165 300 1231; x_wconf 82' lang='grc' dir='ltr'><strong><em>σὲ</em></strong></span> <span class='ocrx_word' id='word_1_78' title='bbox 313 1169 344 1231; x_wconf 83' lang='grc' dir='ltr'><strong><em>δ’</em></strong></span> <span class='ocrx_word' id='word_1_79' title='bbox 358 1168 418 1250; x_wconf 79' lang='grc' dir='ltr'><strong><em>ῦρῶ</em></strong></span> <span class='ocrx_word' id='word_1_80' title='bbox 431 1164 522 1230; x_wconf 84' lang='grc' dir='ltr'><strong><em>καλύν</em></strong></span> <span class='ocrx_word' id='word_1_81' title='bbox 535 1192 568 1230; x_wconf 88' lang='grc' dir='ltr'><strong><em>τε</em></strong></span> <span class='ocrx_word' id='word_1_82' title='bbox 581 1161 631 1230; x_wconf 80' lang='grc' dir='ltr'><strong><em>καὶ</em></strong></span> <span class='ocrx_word' id='word_1_83' title='bbox 644 1163 768 1248; x_wconf 75' lang='grc' dir='ltr'><strong><em>ἄλκιμον</em></strong></span> <span class='ocrx_word' id='word_1_84' title='bbox 782 1165 884 1250; x_wconf 82' lang='grc' dir='ltr'><strong><em>ἔξοχον</em></strong></span> <span class='ocrx_word' id='word_1_85' title='bbox 897 1166 1009 1246; x_wconf 82' lang='grc' dir='ltr'><strong><em>ἄλλων,</em></strong></span> 
     </span>
     <span class='ocr_line' id='line_1_12' title="bbox 117 1252 957 1371; baseline 0.002 -51"><span class='ocrx_word' id='word_1_86' title='bbox 117 1265 122 1270; x_wconf 87' lang='grc'><strong>’</strong></span> <span class='ocrx_word' id='word_1_87' title='bbox 204 1261 392 1339; x_wconf 71' lang='grc' dir='ltr'><strong><em>σκηπτοῦχον</em></strong></span> <span class='ocrx_word' id='word_1_88' title='bbox 405 1260 533 1340; x_wconf 83' lang='grc' dir='ltr'><strong><em>βασιλῆα</em></strong></span> <span class='ocrx_word' id='word_1_89' title='bbox 546 1252 596 1320; x_wconf 76' lang='grc' dir='ltr'><strong><em>καὶ</em></strong></span> <span class='ocrx_word' id='word_1_90' title='bbox 608 1257 639 1321; x_wconf 87' lang='lat'><strong><em>66</em></strong></span> <span class='ocrx_word' id='word_1_91' title='bbox 653 1257 810 1339; x_wconf 72' lang='grc' dir='ltr'><strong><em>πολέμοισι</em></strong></span> <span class='ocrx_word' id='word_1_92' title='bbox 822 1258 957 1371; x_wconf 77' lang='grc' dir='ltr'><strong><em>μαγητὴν</em></strong></span> 
     </span>
     <span class='ocr_line' id='line_1_13' title="bbox 202 1345 948 1434; baseline 0.004 -24"><span class='ocrx_word' id='word_1_93' title='bbox 202 1347 340 1430; x_wconf 75' lang='grc' dir='ltr'><strong><em>ἔμμεναι·</em></strong></span> <span class='ocrx_word' id='word_1_94' title='bbox 356 1345 458 1411; x_wconf 73' lang='grc' dir='ltr'><strong><em>ἀλλ”</em></strong></span> <span class='ocrx_word' id='word_1_95' title='bbox 438 1373 499 1431; x_wconf 90' lang='grc' dir='ltr'><strong><em>αγε,</em></strong></span> <span class='ocrx_word' id='word_1_96' title='bbox 511 1347 671 1412; x_wconf 81' lang='grc' dir='ltr'><strong><em>θάσσον“</em></strong></span> <span class='ocrx_word' id='word_1_97' title='bbox 645 1373 693 1430; x_wconf 84' lang='grc' dir='ltr'><strong><em>εην</em></strong></span> <span class='ocrx_word' id='word_1_98' title='bbox 707 1348 805 1430; x_wconf 75' lang='grc' dir='ltr'><strong><em>γενεὴν</em></strong></span> <span class='ocrx_word' id='word_1_99' title='bbox 818 1349 948 1434; x_wconf 85' lang='grc' dir='ltr'><strong><em>άγόρεοε.</em></strong></span> 
     </span>
     <span class='ocr_line' id='line_1_14' title="bbox 253 1431 1008 1551; baseline 0.004 -49"><span class='ocrx_word' id='word_1_100' title='bbox 253 1437 315 1503; x_wconf 88' lang='grc' dir='ltr'><strong><em>Τον</em></strong></span> <span class='ocrx_word' id='word_1_101' title='bbox 329 1439 360 1502; x_wconf 89' lang='grc' dir='ltr'><strong><em>δ</em></strong></span> <span class='ocrx_word' id='word_1_102' title='bbox 374 1464 411 1501; x_wconf 88' lang='grc' dir='ltr'><strong><em>αν</em></strong></span> <span class='ocrx_word' id='word_1_103' title='bbox 396 1431 596 1551; x_wconf 69' lang='grc' dir='ltr'><strong><em>’Ψιχάρπαξ</em></strong></span> <span class='ocrx_word' id='word_1_104' title='bbox 610 1439 803 1522; x_wconf 78' lang='grc' dir='ltr'><strong><em>ἀπαμείβετο,</em></strong></span> <span class='ocrx_word' id='word_1_105' title='bbox 817 1435 950 1549; x_wconf 75' lang='grc' dir='ltr'><strong><em>φώνησέν</em></strong></span> <span class='ocrx_word' id='word_1_106' title='bbox 962 1465 1008 1505; x_wconf 90' lang='grc' dir='ltr'><strong><em>τε</em></strong></span> 
     </span>
     <span class='ocr_line' id='line_1_15' title="bbox 152 1527 958 1638; baseline -0.001 -43"><span class='ocrx_word' id='word_1_107' title='bbox 152 1537 190 1596; x_wconf 85' lang='lat'><strong><em>65</em></strong></span> <span class='ocrx_word' id='word_1_108' title='bbox 203 1529 290 1594; x_wconf 86' lang='grc' dir='ltr'><strong><em>τίπτε</em></strong></span> <span class='ocrx_word' id='word_1_109' title='bbox 301 1527 386 1638; x_wconf 82' lang='grc' dir='ltr'><strong><em>γένος</em></strong></span> <span class='ocrx_word' id='word_1_110' title='bbox 399 1527 509 1611; x_wconf 81' lang='grc' dir='ltr'><strong><em>τούμὸν</em></strong></span> <span class='ocrx_word' id='word_1_111' title='bbox 522 1531 626 1611; x_wconf 80' lang='grc' dir='ltr'><strong><em>ζητεῖς,</em></strong></span> <span class='ocrx_word' id='word_1_112' title='bbox 641 1529 727 1610; x_wconf 74' lang='grc' dir='ltr'><strong><em>φίλες</em></strong></span> <span class='ocrx_word' id='word_1_113' title='bbox 741 1527 865 1611; x_wconf 76' lang='grc' dir='ltr'><strong><em>δῆλον”</em></strong></span> <span class='ocrx_word' id='word_1_114' title='bbox 844 1554 958 1594; x_wconf 88' lang='grc' dir='ltr'><strong><em>απασιν</em></strong></span> 
     </span>
     <span class='ocr_line' id='line_1_16' title="bbox 205 1615 971 1704; baseline 0.001 -21"><span class='ocrx_word' id='word_1_115' title='bbox 205 1616 381 1704; x_wconf 86' lang='grc' dir='ltr'><strong><em>άνθρούποις</em></strong></span> <span class='ocrx_word' id='word_1_116' title='bbox 393 1644 426 1683; x_wconf 87' lang='grc' dir='ltr'><strong><em>τε</em></strong></span> <span class='ocrx_word' id='word_1_117' title='bbox 439 1627 523 1692; x_wconf 81' lang='grc' dir='ltr'><strong><em>θεοῖς</em></strong></span> <span class='ocrx_word' id='word_1_118' title='bbox 536 1645 569 1683; x_wconf 89' lang='grc' dir='ltr'><strong><em>τε</em></strong></span> <span class='ocrx_word' id='word_1_119' title='bbox 582 1615 632 1683; x_wconf 79' lang='grc' dir='ltr'><strong><em>καί</em></strong></span> <span class='ocrx_word' id='word_1_120' title='bbox 647 1617 805 1704; x_wconf 77' lang='grc' dir='ltr'><strong><em>οὐρανίοις</em></strong></span> <span class='ocrx_word' id='word_1_121' title='bbox 811 1630 971 1703; x_wconf 77' lang='grc' dir='ltr'><strong><em>πετεηνοῖς.</em></strong></span> 
     </span>
     <span class='ocr_line' id='line_1_17' title="bbox 210 1705 967 1825; baseline 0.003 -51"><span class='ocrx_word' id='word_1_122' title='bbox 210 1706 422 1794; x_wconf 83' lang='grc' dir='ltr'><strong><em>Ψιχάρπαξ</em></strong></span> <span class='ocrx_word' id='word_1_123' title='bbox 387 1737 440 1791; x_wconf 86' lang='grc' dir='ltr'><strong><em>μεν</em></strong></span> <span class='ocrx_word' id='word_1_124' title='bbox 453 1710 509 1793; x_wconf 79' lang='grc' dir='ltr'><strong><em>ἐγω</em></strong></span> <span class='ocrx_word' id='word_1_125' title='bbox 495 1705 730 1793; x_wconf 84' lang='grc' dir='ltr'><strong><em>κικλήσκομαι·</em></strong></span> <span class='ocrx_word' id='word_1_126' title='bbox 744 1709 802 1794; x_wconf 87' lang='grc' dir='ltr'><strong><em>εἰμι</em></strong></span> <span class='ocrx_word' id='word_1_127' title='bbox 794 1706 847 1774; x_wconf 80' lang='grc' dir='ltr'><strong><em>δὲ</em></strong></span> <span class='ocrx_word' id='word_1_128' title='bbox 860 1717 967 1825; x_wconf 85' lang='grc' dir='ltr'><strong><em>κοῦρος</em></strong></span> 
     </span>
     <span class='ocr_line' id='line_1_18' title="bbox 208 1798 987 1886; baseline 0.003 -22"><span class='ocrx_word' id='word_1_129' title='bbox 208 1800 393 1886; x_wconf 86' lang='grc' dir='ltr'><strong><em>Τρωξάρταο</em></strong></span> <span class='ocrx_word' id='word_1_130' title='bbox 407 1798 523 1884; x_wconf 85' lang='grc' dir='ltr'><strong><em>πατρὸς</em></strong></span> <span class='ocrx_word' id='word_1_131' title='bbox 536 1803 787 1884; x_wconf 80' lang='grc' dir='ltr'><strong><em>μεγαλήτορος·</em></strong></span> <span class='ocrx_word' id='word_1_132' title='bbox 771 1828 788 1883; x_wconf 94' lang='grc' dir='ltr'><strong><em>η</em></strong></span> <span class='ocrx_word' id='word_1_133' title='bbox 802 1800 837 1864; x_wconf 83' lang='grc' dir='ltr'><strong><em>δι’</em></strong></span> <span class='ocrx_word' id='word_1_134' title='bbox 847 1826 880 1864; x_wconf 86' lang='grc' dir='ltr'><strong><em>νο</em></strong></span> <span class='ocrx_word' id='word_1_135' title='bbox 893 1805 987 1884; x_wconf 75' lang='grc' dir='ltr'><strong><em>μήτηρ</em></strong></span> 
     </span>
     <span class='ocr_line' id='line_1_19' title="bbox 204 1887 967 1976; baseline 0 -20"><span class='ocrx_word' id='word_1_136' title='bbox 204 1887 383 1973; x_wconf 83' lang='grc' dir='ltr'><strong><em>Λειχομύλη,</em></strong></span> <span class='ocrx_word' id='word_1_137' title='bbox 396 1891 533 1975; x_wconf 79' lang='grc' dir='ltr'><strong><em>θυγάτηρ</em></strong></span> <span class='ocrx_word' id='word_1_138' title='bbox 547 1887 802 1976; x_wconf 82' lang='grc' dir='ltr'><strong><em>Πτερνοτράκτον</em></strong></span> <span class='ocrx_word' id='word_1_139' title='bbox 816 1896 967 1975; x_wconf 81' lang='grc' dir='ltr'><strong><em>βασιλῆος.</em></strong></span> 
     </span>
     <span class='ocr_line' id='line_1_20' title="bbox 118 1977 1070 2066; baseline 0 -20"><span class='ocrx_word' id='word_1_140' title='bbox 118 2049 120 2052; x_wconf 73' lang='grc'><strong><em>,</em></strong></span> <span class='ocrx_word' id='word_1_141' title='bbox 155 1993 191 2046; x_wconf 86' lang='grc'><strong><em>30</em></strong></span> <span class='ocrx_word' id='word_1_142' title='bbox 205 1979 322 2064; x_wconf 86' lang='grc' dir='ltr'><strong><em>γείνατο</em></strong></span> <span class='ocrx_word' id='word_1_143' title='bbox 336 1982 367 2045; x_wconf 89' lang='grc' dir='ltr'><strong><em>δ’</em></strong></span> <span class='ocrx_word' id='word_1_144' title='bbox 382 1981 412 2044; x_wconf 86' lang='lat'><strong><em>66</em></strong></span> <span class='ocrx_word' id='word_1_145' title='bbox 425 1977 538 2066; x_wconf 82' lang='grc' dir='ltr'><strong><em>καλύβη</em></strong></span> <span class='ocrx_word' id='word_1_146' title='bbox 551 2007 601 2064; x_wconf 90' lang='grc' dir='ltr'><strong><em>με,Ι</em></strong></span> <span class='ocrx_word' id='word_1_147' title='bbox 611 1977 661 2044; x_wconf 85' lang='grc' dir='ltr'><strong><em>καὶ</em></strong></span> <span class='ocrx_word' id='word_1_148' title='bbox 675 1981 865 2065; x_wconf 79' lang='grc' dir='ltr'><strong><em>ἐξεθρέψατο</em></strong></span> <span class='ocrx_word' id='word_1_149' title='bbox 879 1987 1015 2066; x_wconf 80' lang='grc' dir='ltr'><strong><em>βρωτοῖς,</em></strong></span> <span class='ocrx_word' id='word_1_150' title='bbox 1068 2007 1070 2016; x_wconf 62' lang='grc'><strong><em>·</em></strong></span> 
     </span>
     <span class='ocr_line' id='line_1_21' title="bbox 206 2067 982 2157; baseline 0 -21"><span class='ocrx_word' id='word_1_151' title='bbox 206 2072 309 2143; x_wconf 91' lang='grc' dir='ltr'><strong><em>σύκοις</em></strong></span> <span class='ocrx_word' id='word_1_152' title='bbox 321 2067 372 2135; x_wconf 78' lang='grc' dir='ltr'><strong><em>καί</em></strong></span> <span class='ocrx_word' id='word_1_153' title='bbox 385 2072 507 2157; x_wconf 82' lang='grc' dir='ltr'><strong><em>καρύοις</em></strong></span> <span class='ocrx_word' id='word_1_154' title='bbox 520 2067 570 2134; x_wconf 74' lang='grc' dir='ltr'><strong><em>καὶ</em></strong></span> <span class='ocrx_word' id='word_1_155' title='bbox 585 2072 724 2152; x_wconf 81' lang='grc' dir='ltr'><strong><em>ι’δίσμασι</em></strong></span> <span class='ocrx_word' id='word_1_156' title='bbox 737 2078 982 2136; x_wconf 79' lang='grc' dir='ltr'><strong><em>παντοδαποῖσιν.</em></strong></span> 
     </span>
     <span class='ocr_line' id='line_1_22' title="bbox 206 2159 1004 2242; baseline -0.003 -16"><span class='ocrx_word' id='word_1_157' title='bbox 206 2167 270 2233; x_wconf 76' lang='grc' dir='ltr'><strong><em>ποῦς</em></strong></span> <span class='ocrx_word' id='word_1_158' title='bbox 284 2160 315 2224; x_wconf 78' lang='grc' dir='ltr'><strong><em>δὲ</em></strong></span> <span class='ocrx_word' id='word_1_159' title='bbox 329 2162 417 2241; x_wconf 83' lang='grc' dir='ltr'><strong><em>φίλον</em></strong></span> <span class='ocrx_word' id='word_1_160' title='bbox 429 2166 499 2242; x_wconf 78' lang='grc' dir='ltr'><strong><em>ποιῇ</em></strong></span> <span class='ocrx_word' id='word_1_161' title='bbox 512 2186 558 2241; x_wconf 87' lang='grc' dir='ltr'><strong><em>με,</em></strong></span> <span class='ocrx_word' id='word_1_162' title='bbox 571 2161 625 2224; x_wconf 82' lang='grc' dir='ltr'><strong><em>τὸν</em></strong></span> <span class='ocrx_word' id='word_1_163' title='bbox 638 2162 669 2231; x_wconf 79' lang='grc' dir='ltr'><strong><em>ἐς</em></strong></span> <span class='ocrx_word' id='word_1_164' title='bbox 683 2159 772 2238; x_wconf 90' lang='grc' dir='ltr'><strong><em>φύσιν</em></strong></span> <span class='ocrx_word' id='word_1_165' title='bbox 786 2159 869 2222; x_wconf 76' lang='grc' dir='ltr'><strong><em>οὐδὲν</em></strong></span> <span class='ocrx_word' id='word_1_166' title='bbox 883 2164 1004 2240; x_wconf 86' lang='grc' dir='ltr'><strong><em>ὁμοῖον,·</em></strong></span> 
     </span>
     <span class='ocr_line' id='line_1_23' title="bbox 206 2244 965 2333; baseline -0.007 -17"><span class='ocrx_word' id='word_1_167' title='bbox 206 2247 254 2316; x_wconf 79' lang='grc' dir='ltr'><strong><em>σοί</em></strong></span> <span class='ocrx_word' id='word_1_168' title='bbox 264 2249 319 2333; x_wconf 72' lang='grc' dir='ltr'><strong><em>μὲν</em></strong></span> <span class='ocrx_word' id='word_1_169' title='bbox 332 2248 387 2331; x_wconf 83' lang='grc' dir='ltr'><strong><em>γάρ</em></strong></span> <span class='ocrx_word' id='word_1_170' title='bbox 401 2250 467 2332; x_wconf 87' lang='grc' dir='ltr'><strong><em>βίος</em></strong></span> <span class='ocrx_word' id='word_1_171' title='bbox 480 2245 560 2312; x_wconf 80' lang='grc' dir='ltr'><strong><em>ε’στίν</em></strong></span> <span class='ocrx_word' id='word_1_172' title='bbox 574 2249 604 2311; x_wconf 80' lang='grc' dir='ltr'><strong><em>ἐν</em></strong></span> <span class='ocrx_word' id='word_1_173' title='bbox 616 2245 734 2326; x_wconf 82' lang='grc' dir='ltr'><strong><em>ῦδασιν·</em></strong></span> <span class='ocrx_word' id='word_1_174' title='bbox 749 2244 845 2328; x_wconf 86' lang='grc' dir='ltr'><strong><em>αύτάρ</em></strong></span> <span class='ocrx_word' id='word_1_175' title='bbox 859 2249 965 2328; x_wconf 79' lang='grc' dir='ltr'><strong><em>ἔμοιγε,</em></strong></span> 
     </span>
     <span class='ocr_line' id='line_1_24' title="bbox 206 2333 1077 2448; baseline -0.007 -43"><span class='ocrx_word' id='word_1_176' title='bbox 206 2338 283 2406; x_wconf 82' lang='grc' dir='ltr'><strong><em>ὅσσα</em></strong></span> <span class='ocrx_word' id='word_1_177' title='bbox 297 2365 359 2419; x_wconf 88' lang='grc' dir='ltr'><strong><em>παρ</em></strong></span> <span class='ocrx_word' id='word_1_178' title='bbox 361 2334 566 2448; x_wconf 59' lang='grc' dir='ltr'><strong><em>’ἀνθρώποις</em></strong></span> <span class='ocrx_word' id='word_1_179' title='bbox 580 2333 701 2420; x_wconf 79' lang='grc' dir='ltr'><strong><em>τρώγειν</em></strong></span> <span class='ocrx_word' id='word_1_180' title='bbox 714 2336 801 2407; x_wconf 80' lang='grc' dir='ltr'><strong><em>ἔθος·</em></strong></span> <span class='ocrx_word' id='word_1_181' title='bbox 816 2337 887 2399; x_wconf 82' lang='grc' dir='ltr'><strong><em>ούδί</em></strong></span> <span class='ocrx_word' id='word_1_182' title='bbox 895 2361 931 2419; x_wconf 89' lang='grc' dir='ltr'><strong><em>με</em></strong></span> <span class='ocrx_word' id='word_1_183' title='bbox 945 2339 983 2417; x_wconf 80' lang='grc' dir='ltr'><strong><em>λε’</em></strong></span> <span class='ocrx_word' id='word_1_184' title='bbox 983 2346 1033 2400; x_wconf 83' lang='grc' dir='ltr'><strong><em>θει</em></strong></span> <span class='ocrx_word' id='word_1_185' title='bbox 1076 2337 1077 2346; x_wconf 65' lang='grc'>’</span> 
     </span>
     <span class='ocr_line' id='line_1_25' title="bbox 155 2422 920 2542; baseline -0.007 -47"><span class='ocrx_word' id='word_1_186' title='bbox 155 2431 224 2499; x_wconf 81' lang='lat'><strong><em>35</em></strong></span> <span class='ocrx_word' id='word_1_187' title='bbox 204 2426 556 2542; x_wconf 75' lang='grc' dir='ltr'><strong><em>αρτος,τριςκοπάνιστος</em></strong></span> <span class='ocrx_word' id='word_1_188' title='bbox 571 2428 613 2490; x_wconf 87' lang='grc' dir='ltr'><strong><em>άιι</em></strong></span> <span class='ocrx_word' id='word_1_189' title='bbox 611 2422 777 2490; x_wconf 83' lang='grc' dir='ltr'><strong><em>ἐύκύκλον</em></strong></span> <span class='ocrx_word' id='word_1_190' title='bbox 791 2451 920 2500; x_wconf 88' lang='grc' dir='ltr'><strong><em>κονεοιο,</em></strong></span> 
     </span>
     <span class='ocr_line' id='line_1_26' title="bbox 205 2513 1037 2600; baseline -0.01 -14"><span class='ocrx_word' id='word_1_191' title='bbox 205 2519 273 2586; x_wconf 77' lang='grc' dir='ltr'><strong><em>οὐδὲ</em></strong></span> <span class='ocrx_word' id='word_1_192' title='bbox 286 2523 420 2590; x_wconf 78' lang='grc' dir='ltr'><strong><em>πλακοῦς</em></strong></span> <span class='ocrx_word' id='word_1_193' title='bbox 434 2516 660 2590; x_wconf 74' lang='grc' dir='ltr'><strong><em>τανύπεπλος,”</em></strong></span> <span class='ocrx_word' id='word_1_194' title='bbox 644 2542 718 2600; x_wconf 84' lang='grc' dir='ltr'><strong><em>εχων</em></strong></span> <span class='ocrx_word' id='word_1_195' title='bbox 731 2513 809 2580; x_wconf 76' lang='grc' dir='ltr'><strong><em>πολὺ</em></strong></span> <span class='ocrx_word' id='word_1_196' title='bbox 822 2541 975 2600; x_wconf 87' lang='grc' dir='ltr'><strong><em>σησαμοτι</em></strong></span> <span class='ocrx_word' id='word_1_197' title='bbox 977 2542 1037 2599; x_wconf 92' lang='grc' dir='ltr'><strong><em>ρον,</em></strong></span> 
     </span>
     <span class='ocr_line' id='line_1_27' title="bbox 173 2605 949 2693; baseline -0.008 -16.738"><span class='ocrx_word' id='word_1_198' title='bbox 173 2613 240 2678; x_wconf 90' lang='grc' dir='ltr'><strong><em>οιλ</em></strong></span> <span class='ocrx_word' id='word_1_199' title='bbox 255 2611 348 2693; x_wconf 84' lang='grc' dir='ltr'><strong><em>τόμος</em></strong></span> <span class='ocrx_word' id='word_1_200' title='bbox 362 2610 393 2673; x_wconf 79' lang='grc' dir='ltr'><strong><em>ἐκ</em></strong></span> <span class='ocrx_word' id='word_1_201' title='bbox 406 2609 542 2693; x_wconf 81' lang='grc' dir='ltr'><strong><em>πτέρνης,</em></strong></span> <span class='ocrx_word' id='word_1_202' title='bbox 557 2609 640 2690; x_wconf 78' lang='grc' dir='ltr'><strong><em>ούχγ</em></strong></span> <span class='ocrx_word' id='word_1_203' title='bbox 623 2605 726 2673; x_wconf 81' lang='grc' dir='ltr'><strong><em>ίπατα</em></strong></span> <span class='ocrx_word' id='word_1_204' title='bbox 740 2607 949 2690; x_wconf 84' lang='grc' dir='ltr'><strong><em>λενκοχίτωνα,</em></strong></span> 
     </span>
     <span class='ocr_line' id='line_1_28' title="bbox 205 2695 934 2814; baseline -0.008 -48"><span class='ocrx_word' id='word_1_205' title='bbox 205 2701 240 2766; x_wconf 86' lang='lat'><strong><em>66</em></strong></span> <span class='ocrx_word' id='word_1_206' title='bbox 253 2699 342 2786; x_wconf 82' lang='grc' dir='ltr'><strong><em>τορὸς</em></strong></span> <span class='ocrx_word' id='word_1_207' title='bbox 350 2699 517 2814; x_wconf 78' lang='grc' dir='ltr'><strong><em>γεύπηκτος</em></strong></span> <span class='ocrx_word' id='word_1_208' title='bbox 531 2697 591 2762; x_wconf 86' lang='grc' dir='ltr'><strong><em>ἀπὸ</em></strong></span> <span class='ocrx_word' id='word_1_209' title='bbox 605 2704 756 2783; x_wconf 85' lang='grc' dir='ltr'><strong><em>γλυκεροῖο</em></strong></span> <span class='ocrx_word' id='word_1_210' title='bbox 770 2695 934 2781; x_wconf 83' lang='grc' dir='ltr'><strong><em>γάλακτος,</em></strong></span> 
     </span>
     <span class='ocr_line' id='line_1_29' title="bbox 205 2785 996 2875; baseline -0.013 -19"><span class='ocrx_word' id='word_1_211' title='bbox 205 2794 240 2856; x_wconf 88' lang='grc' dir='ltr'><strong><em>ού</em></strong></span> <span class='ocrx_word' id='word_1_212' title='bbox 252 2790 380 2875; x_wconf 82' lang='grc' dir='ltr'><strong><em>χρηστὸν</em></strong></span> <span class='ocrx_word' id='word_1_213' title='bbox 392 2791 554 2872; x_wconf 87' lang='grc' dir='ltr'><strong><em>μελίτωμα,</em></strong></span> <span class='ocrx_word' id='word_1_214' title='bbox 567 2787 603 2854; x_wconf 88' lang='grc' dir='ltr'><strong><em>τὸ</em></strong></span> <span class='ocrx_word' id='word_1_215' title='bbox 617 2785 667 2853; x_wconf 81' lang='grc' dir='ltr'><strong><em>καί</em></strong></span> <span class='ocrx_word' id='word_1_216' title='bbox 679 2785 811 2870; x_wconf 82' lang='grc' dir='ltr'><strong><em>μάκαρες</em></strong></span> <span class='ocrx_word' id='word_1_217' title='bbox 824 2787 996 2858; x_wconf 80' lang='grc' dir='ltr'><strong><em>ποθέουσιν,</em></strong></span> 
     </span>
     <span class='ocr_line' id='line_1_30' title="bbox 153 2873 1009 2964; baseline -0.013 -15"><span class='ocrx_word' id='word_1_218' title='bbox 153 2891 191 2950; x_wconf 86' lang='grc'><strong><em>40</em></strong></span> <span class='ocrx_word' id='word_1_219' title='bbox 205 2877 302 2946; x_wconf 85' lang='lat'>666’</span> <span class='ocrx_word' id='word_1_220' title='bbox 287 2905 344 2945; x_wconf 92' lang='grc' dir='ltr'><strong><em>οσα</em></strong></span> <span class='ocrx_word' id='word_1_221' title='bbox 356 2879 433 2964; x_wconf 84' lang='grc' dir='ltr'><strong><em>πρὸς</em></strong></span> <span class='ocrx_word' id='word_1_222' title='bbox 445 2879 553 2961; x_wconf 90' lang='grc' dir='ltr'><strong><em>θοίνην</em></strong></span> <span class='ocrx_word' id='word_1_223' title='bbox 565 2879 704 2962; x_wconf 83' lang='grc' dir='ltr'><strong><em>μερόπων</em></strong></span> <span class='ocrx_word' id='word_1_224' title='bbox 717 2877 852 2958; x_wconf 85' lang='grc' dir='ltr'><strong><em>τεύχονσι</em></strong></span> <span class='ocrx_word' id='word_1_225' title='bbox 864 2873 1009 2959; x_wconf 88' lang='grc' dir='ltr'><strong><em>μάγειροι,</em></strong></span> 
     </span>
     <span class='ocr_line' id='line_1_31' title="bbox 204 2968 934 3055; baseline -0.013 -18"><span class='ocrx_word' id='word_1_226' title='bbox 204 2975 384 3055; x_wconf 76' lang='grc' dir='ltr'><strong><em>κοσμοῦντες</em></strong></span> <span class='ocrx_word' id='word_1_227' title='bbox 397 2969 510 3054; x_wconf 78' lang='grc' dir='ltr'><strong><em>χύτρας</em></strong></span> <span class='ocrx_word' id='word_1_228' title='bbox 529 2968 679 3054; x_wconf 88' lang='grc' dir='ltr'><strong><em>άρτύμασι</em></strong></span> <span class='ocrx_word' id='word_1_229' title='bbox 691 2971 934 3032; x_wconf 84' lang='grc' dir='ltr'><strong><em>παντοδαποῖσιν.</em></strong></span> 
     </span>
    </p>
   </div>
   <div class='ocr_carea' id='block_1_3' title="bbox 206 3145 988 3322">
    <p class='ocr_par' dir='ltr' id='par_1_3' title="bbox 206 3145 988 3322">
     <span class='ocr_line' id='line_1_32' title="bbox 206 3145 934 3231; baseline -0.005 -17"><span class='ocrx_word' id='word_1_230' title='bbox 206 3151 277 3214; x_wconf 82' lang='grc' dir='ltr'><strong><em>ούδί</em></strong></span> <span class='ocrx_word' id='word_1_231' title='bbox 286 3175 360 3214; x_wconf 91' lang='grc' dir='ltr'><strong><em>ποτε</em></strong></span> <span class='ocrx_word' id='word_1_232' title='bbox 373 3149 533 3231; x_wconf 80' lang='grc' dir='ltr'><strong><em>πτολέμοιο</em></strong></span> <span class='ocrx_word' id='word_1_233' title='bbox 547 3147 640 3228; x_wconf 79' lang='grc' dir='ltr'><strong><em>κακὴν</em></strong></span> <span class='ocrx_word' id='word_1_234' title='bbox 653 3147 820 3230; x_wconf 83' lang='grc' dir='ltr'><strong><em>άπίφενγον</em></strong></span> <span class='ocrx_word' id='word_1_235' title='bbox 833 3145 934 3228; x_wconf 75' lang='grc' dir='ltr'><strong><em>άῦτήν,</em></strong></span> 
     </span>
     <span class='ocr_line' id='line_1_33' title="bbox 206 3234 988 3322; baseline -0.005 -19"><span class='ocrx_word' id='word_1_236' title='bbox 206 3242 271 3303; x_wconf 79' lang='grc' dir='ltr'><strong><em>ἄλλ’</em></strong></span> <span class='ocrx_word' id='word_1_237' title='bbox 286 3237 356 3311; x_wconf 83' lang='grc' dir='ltr'><strong><em>ἰθύς</em></strong></span> <span class='ocrx_word' id='word_1_238' title='bbox 367 3237 443 3322; x_wconf 84' lang='grc' dir='ltr'><strong><em>μετά</em></strong></span> <span class='ocrx_word' id='word_1_239' title='bbox 454 3243 555 3322; x_wconf 79' lang='grc' dir='ltr'><strong><em>μῶλον</em></strong></span> <span class='ocrx_word' id='word_1_240' title='bbox 568 3234 628 3310; x_wconf 83' lang='grc' dir='ltr'><strong><em>ι’άιν,</em></strong></span> <span class='ocrx_word' id='word_1_241' title='bbox 641 3237 841 3322; x_wconf 85' lang='grc' dir='ltr'><strong><em>προμάχοισιν</em></strong></span> <span class='ocrx_word' id='word_1_242' title='bbox 854 3237 988 3320; x_wconf 86' lang='grc' dir='ltr'><strong><em>ε’μίχθην.</em></strong></span> 
     </span>
    </p>
   </div>
   <div class='ocr_carea' id='block_1_4' title="bbox 0 0 1196 3732">
    <p class='ocr_par' dir='ltr' id='par_1_4' title="bbox 0 0 1196 3732">
     <span class='ocr_line' id='line_1_34' title="bbox 0 0 1196 3732; baseline 0 0"><span class='ocrx_word' id='word_1_243' title='bbox 0 0 1196 3732; x_wconf 95' lang='lat' dir='ltr'><strong><em> </em></strong></span> 
     </span>
    </p>
   </div>
  </div>
 </body>
</html>
