2424 3732
156 179 225 244 142
378 205 384 211 ·
439 174 756 240 61162261142
781 182 821 242 K.

225 312 305 395 ξ
225 344 323 400 μεν
335 307 538 402 θυγατέρες,ε
525 314 558 394 ἓξ
571 318 599 383 δ’
614 307 690 391 υἱέες
703 308 890 404 ἡβώοντες

224 405 320 473 66⁶
303 432 352 491 ογε
364 409 535 492 θυγατέρας
547 410 637 494 πόρεν
649 408 748 474 νὶἀσιν
760 409 865 523 εἶναι’
848 407 981 486 ακοίτις.“
1053 449 1056 459 ν

224 523 254 564 οι
247 496 295 562 δ’
312 493 370 562 αἱεὶ
383 496 467 581 παρὰ
480 524 572 582 πατρι
563 495 664 614 φιλφ
678 497 727 563 καὶ
739 499 843 582 μητέρι
856 507 941 584 κεδνῇ

225 589 393 654 δαίνυνται·
407 584 491 673 παρὰ
504 589 539 652 δέ
549 612 620 670 σφιν
634 589 754 654 ὀνείατα
767 590 859 671 μυριά
872 601 983 658 κεῖται·
1074 599 1078 606 ’

176 690 214 746 10
227 684 361 761 κνισσήεν
374 679 409 743 δέ
418 703 451 742 τε
464 684 549 760 δῶμα
544 681 834 790 περιστεναχίζεται
848 681 924 763 αὐλή
989 675 992 686 '
1009 733 1012 742 A

223 767 340 853 ἤματα·
354 765 506 841 νόκταςδ’
523 796 593 834 αντε
605 797 669 858 παρ
671 770 807 850 ἀἰδοίης
821 772 975 854 ἀλόχοισιν
1039 787 1042 794 ’

224 856 380 934 6663*
363 886 393 923 εν
406 884 438 924 τε
451 859 563 941 τάπησι
576 856 627 922 καὶ
640 861 671 924 έν
684 871 805 970 τρητοῖς
818 862 973 943 λεχέεσσιν.

223 946 274 1015 καὶ
286 949 339 1033 μέν
351 955 411 1014 τῶν
425 949 574 1032 ἱκόμεσθα
587 950 674 1014 πόλιν
688 977 737 1014 και
730 948 876 1032 δώματα
889 947 976 1018 καλά.
1027 955 1050 968 ’“

222 1047 300 1124 μῆνα
314 1038 345 1105 66
358 1037 459 1105 πάντα
473 1041 553 1121 φίλει
565 1067 611 1124 με,
625 1066 675 1104 και
660 1036 871 1152 ἐξερέεινρν“
854 1067 977 1118 εκαστα,

176 1141 211 1198 15
220 1130 263 1196 Ιλ
266 1157 320 1205 ιον,
333 1125 471 1214 Ἀργείων
484 1157 516 1196 τε
530 1131 605 1204 νέας,
619 1127 668 1195 καὶ
681 1131 788 1194 νόστον
800 1125 941 1214 Αχαιῶν·

223 1217 274 1286 καὶ
286 1219 338 1303 μὲν
351 1219 461 1303 ε’γώ”
419 1248 465 1330 τερ
475 1221 576 1333 πάντα
589 1218 668 1286 κατὰ
680 1231 789 1332 606666
802 1223 954 1298 κατέλεξα

224 1309 321 1375 ἀλλ”
305 1337 354 1377 οτε
368 1312 402 1393 δὴ
416 1309 466 1374 καὶ
480 1309 535 1393 666
550 1310 651 1376 ὁδόν
633 1337 759 1424 66066
742 1311 789 1375 66’
805 1312 940 1376 ἐκέλευον
1000 1328 1005 1336 ’

223 1402 381 1484 πεμπέμεν,
396 1403 465 1466 οὐδέ
475 1428 504 1466 τι
518 1412 613 1515 κεῖνρς
626 1403 765 1483 ἀνήνατο,
780 1407 863 1484 τεῦχε
877 1399 908 1466 66
921 1400 1089 1492 πομπήν

224 1493 302 1556 δῶκέ
310 1516 362 1600 μρι
376 1492 539 1576 έκδείρας’
523 1492 615 1557 ασκὸν
628 1491 729 1576 βοδς’
714 1489 878 1576 εννεεόροιο,

174 1595 212 1650 20
226 1582 303 1646 ἔνθα
317 1579 348 1644 66
361 1579 527 1665 βυκτάων’
511 1584 625 1666 ανέμων
639 1583 782 1664 κατέδησε
796 1584 941 1668 κέλευθα·

224 1681 319 1738 κεῖνον
333 1668 389 1784 γαρ
402 1673 509 1756 ταμίην
523 1675 636 1790 ἀνέμων
648 1672 752 1783 ποίησε
765 1671 912 1756 Κρονίων,

223 1760 293 1847 ν’γμὶν
307 1765 507 1877 66666666,6
490 1764 568 1830 ι”’δ
498 1765 684 1850 γυρνόμεν,
698 1760 761 1826 ὅνκ
761 1763 939 1871 '6666666⁸
986 1781 989 1784 “

224 1880 271 1938 νηι
262 1853 344 1919 δ
328 1880 369 1920 ενι
361 1852 519 1969 7666666
533 1856 648 1920 κατεδει
661 1845 801 1937 μέρμιθι
800 1858 928 1935 φαεινή,

174 1967 177 1971 ’
224 1945 359 2059 ἀργυρέη,
373 1943 420 2010 ἱνα
431 1949 501 2028 μήτι
514 1943 708 2054 παραπνείση
721 1945 820 2026 ὀλίγον
833 1969 903 2028 περ·

174 2047 213 2104 25
228 2034 323 2148 αὐτὰρ
338 2033 402 2117 έμοὶ
415 2037 519 2142 πνοιὴν
531 2031 669 2144 Ζεφόρρν
682 2036 826 2143 προέηκεν
838 2035 938 2144 ρἰήναι,
971 2079 974 2084 Δ
1058 2107 1059 2110 χ

225 2124 308 2208 ὄφρα
321 2126 406 2207 φεροι
418 2150 491 2203 νηας
504 2149 536 2187 τε
549 2149 599 2184 και
613 2147 738 2192 αυτυυς
753 2121 854 2184 οὐδ’*
833 2149 872 2204 αρ
871 2122 1012 2203 ’ἔμελλεν
1058 2169 1061 2174 -

224 2211 380 2278 ἐκτελέειν·
395 2213 493 2320 66666
498 2207 562 2323 γὰρ
576 2209 760 2290 ἀπωλόμεθ
767 2210 972 2320 ἀφραδίησιν.

267 2301 413 2383 Ἐννῆμαρ
427 2297 478 2382 μέν
493 2303 573 2408 ὁμῶς
586 2297 756 2379 πλέομεν
725 2323 834 2370 νυκτας
847 2325 879 2363 τε
893 2296 943 2363 καὶ
956 2325 1050 2416 ημοιρ·

210 2417 263 2479 τη
248 2387 384 2472 δεκατη
398 2389 425 2453 δ
441 2387 526 2471 ήδη’
510 2387 685 2470 ανεφαίνετο
701 2385 811 2474 πατρὶς
824 2385 955 2503 666666·

175 2495 212 2548 36
225 2507 276 2546 και
267 2477 325 2592 δή
338 2481 567 2592 πυρπολέοντας
576 2478 788 2560 έλεόσσομευ,’
773 2477 856 2562 εγγὺς
869 2480 982 2554 ἐόντας.

225 2571 319 2636 έυθ”
304 2568 353 2654 εμὶ
362 2569 418 2654 ’μέν
431 2566 567 2684 γλυκὺς”
549 2595 642 2683 υπνος
655 2568 787 2673 ίπήλυθε
801 2575 1007 2652 κεκμηῶτα·

226 2658 285 2728 αιέἱ
298 2659 354 2748 γὰρ
367 2662 448 2726 πόδα
461 2661 531 2744 νηὸς
544 2661 672 2742 ἐνώμων,
687 2659 757 2724 οὐδέ
767 2686 809 2739 τῳ
824 2658 905 2738 ἀλλῳ

227 2752 325 2908 δῶχ’
311 2752 433 2837 ετάραν,
448 2749 496 2817 ἱνα
508 2757 628 2816 θᾶσσον
645 2750 786 2833 ἱκοίμεθα
799 2750 932 2836 πατρίδα
945 2757 1045 2834 γαίαν·

164 2879 166 2884 ‘
227 2844 287 2909 οἱδ
291 2843 417 2933 ’ίταροι
431 2867 547 2909 επεεσσι
559 2867 636 2927 προς
649 2841 828 2923 αλληλους
811 2866 962 2925 αγορεοον,
1014 2880 1018 2885 ·

178 2946 212 3001 ³5
226 2933 281 3000 καί
290 2936 320 3018 μ’
334 2936 450 3017 έφασαν
459 2933 572 3018 χρυσόν
586 2959 619 2998 τε
631 2927 681 2996 καὶ
695 2929 823 3042 ἀργυρον
837 2929 935 2995 οἴκαδ’
952 2928 1094 3014 ἄγεσθαι,

228 3030 310 3107 δῶρα
323 3052 384 3107 παρ
385 3025 527 3091 Ἀἰόλου
540 3025 741 3134 μεγαλήτορος
751 3021 952 3086 ἰἸπποτοὶδαο
1022 3099 1027 3104 ¹

229 3108 285 3179 ὧδε
299 3117 346 3178 δέ
343 3139 389 3228 ήις
402 3112 543 3190 είπεσκεν,
560 3110 656 3178 ι’δών’
641 3139 672 3184 ες
686 3111 812 3222 πλησίρν
826 3111 934 3176 ἀλλον·

268 3200 359 3269 Ὣ’
322 3230 423 3280 ποποι,
438 3205 479 3278 ὡς
492 3202 542 3268 όδε
554 3207 632 3268 πᾶσι
646 3203 735 3283 φίλος
749 3198 799 3266 καὶ
813 3201 912 3314 τίμιός
926 3200 1013 3266 ἔστιν

232 3293 416 3385 ἀνθρώποις,
430 3291 521 3363 ὅτεόν
531 3319 567 3374 τε
581 3291 670 3362 πόλιν
682 3289 733 3358 καὶ
742 3301 833 3377 γαῖαν
846 3289 990 3376 ἱκηταιὶ

1202 2727 1204 2743 ί
