2410 3728
336 194 687 258 ΟΔΥΣΣΕΙΑΣ
710 199 777 260 IV.

92 351 146 405 615
161 305 248 404 δάσοι
262 349 312 402 τοι
324 335 457 421 κρητῆρα
470 336 658 449 τετργμίνον·
672 333 815 424 άργίνρεος
828 335 901 404 66

161 423 278 502 ἔστιν’
257 451 351 500 απας,
364 452 463 511 χρυσφ
449 427 538 492 6''
523 454 571 492 ιπι
563 423 684 510 χείλεα
697 427 894 540 κεκράανται·

163 520 249 602 ἔργον
264 519 294 582 6'
306 517 503 600 Ἡφαίστοιο·
517 518 608 631 πόρεν
622 519 682 582 δε
667 545 681 582 ο
699 517 880 670 ‘666666662‘y
862 545 949 604 ιγρως,

154 606 314 692 ΔΣὶδονίοον
326 605 476 693 βασιλεύς,
491 605 570 674 ὅθ’
556 608 605 681 εὸς
619 609 742 691 δόμος’
725 609 846 692 αμφειοά
847 613 942 692 λυφεν

163 700 246 764 κεῖσέ
254 725 291 781 με
304 700 508 781 νοστήσαντα·
521 696 583 764 τεῒν
597 698 625 762 δ’
642 699 739 764 ε’θίλοι
753 700 821 764 τόδ’
836 700 977 765 ὀπάσσαι.

92 793 150 858 '620
203 786 260 862 Ὣς
274 789 303 852 οἱ
315 787 369 873 μὲν
382 794 511 856 τοισιάτα
524 789 601 870 πρὸς
615 788 762 871 ἀλλήλους
775 789 924 873 ἀγόρευον.

165 880 342 962 δαιτυμόνες
356 881 387 944 δ’
400 881 432 953 ίς
446 879 558 964 δώματ’
573 877 640 944 ἴσαν
652 881 739 944 θείου
752 885 907 964 βασιλῆος.

165 970 194 1035 οἱ
208 970 236 1035 δ’
253 964 324 1052 ν’γγον
335 969 388 1054 μὲν
401 975 491 1054 μῆλα,
505 971 597 1053 φέρον
611 972 642 1034 δ’
655 971 782 1085 εὐήνορα
795 973 889 1036 οἶνον·

162 1069 248 1126 σῖτον
262 1061 296 1124 δέ
307 1085 349 1142 σφ
351 1059 482 1144 ’άλοχοι
491 1060 764 1146 καλλικρήδεμνοι
748 1087 888 1174 επιμπον.

164 1147 207 1226 ὣς
220 1151 250 1215 οί
261 1150 314 1234 μὲν
327 1177 395 1237 περι
387 1148 555 1217 δεῖπνον’
540 1179 582 1217 ενι
595 1148 749 1236 μεγάροισι
762 1151 897 1218 πίνοντο.
955 1201 960 1207 -

88 1251 147 1312 625
208 1246 385 1326 Μνηστῆρες
398 1240 429 1306 δὲ
441 1241 593 1328 πάροιθεν
603 1243 763 1356 Ὀδυσσῆος
774 1237 948 1328 μεγάροιο

117 1331 308 1398 δίσκοισιν
321 1332 466 1417 τέρποντο
480 1331 531 1398 καὶ
545 1332 711 1417 αι’γανέήσιν
725 1333 826 1408 ἱέντες,
880 1367 882 1370 ·

161 1423 193 1486 ἐν
206 1449 306 1504 τυκτῳ
291 1423 450 1503 δαπέδῳ,
465 1421 520 1488 ὅθι
532 1451 587 1533 περ
601 1423 700 1534 πάρος
712 1420 827 1510 ὕβριν’
810 1450 938 1507 εχεσκον.

160 1483 315 1586 Ᾱντίνοάς
329 1511 359 1578 66
372 1518 510 1596 καθῆστο
525 1541 575 1579 και
566 1511 765 1600 Εὐράμαχος
776 1519 925 1599 θεοειδής,

3 1679 4 1684 ¹
161 1629 253 1686 αρχοι
264 1606 447 1690 μνηστήρων,
462 1605 626 1690 αρετγγδ
610 1629 681 1669 εσαν
694 1603 808 1688 εξοχ
787 1631 915 1689 αριστοι.

89 1707 146 1761 630
160 1721 226 1767 τοις
239 1694 268 1758 δ
283 1694 349 1768 υἱὸς
363 1695 505 1780 Φρονίοιο
519 1697 652 1810 Νοήμων
665 1695 788 1780 ἐγγύθεν
802 1696 912 1770 ἐλθών,

161 1781 315 1852 Αντίνοον
323 1783 502 1898 μάθοισιν’
483 1787 673 1899 ανειρόμενος
686 1785 873 1900 προςίειπεν·

184 1870 373 1941 Αντίνά7
336 1922 345 1950 ,
357 1904 374 1958 η
388 1876 427 1962 ῥά
441 1903 471 1943 τι
485 1875 594 1961 ίδμεν’
579 1872 622 1942 ενλ
636 1874 749 1959 φρεσίν,
763 1873 795 1958 66
808 1869 858 1938 καὶ
872 1874 947 1950 οὐκί,

160 1968 281 2034 ὁππότε
297 1969 470 2080 Τήλίμαγος
483 1968 550 2033 νεῖτ’
568 1969 600 2032 ἐκ
613 1967 718 2076 Πίλρν
731 1964 939 2080 ήμαθόεντρς;

160 2059 222 2140 νῆά
236 2083 289 2141 μοι
303 2055 392 2140 οἴχετ’
406 2056 499 2142 άγοον·
514 2061 565 2142 ε’με
555 2055 610 2122 δὲ
623 2053 699 2144 χρειδ
714 2055 842 2139 γίγνεται
855 2058 957 2140 αὐτῆς,
991 2055 993 2057 ’

90 2156 144 2214 635
158 2146 266 2218 Ἤλιδ’
279 2148 311 2221 ἐς
324 2146 484 2233 εὐρύχορον
497 2151 682 2234 διαβήμεναι,
695 2149 772 2212 ἔνθα
784 2175 836 2232 μοι
851 2145 936 2216 ἵπποι

157 2237 279 2304 Ιδώδεκα
290 2241 422 2320 θήλειαι,
435 2239 494 2305 ὑπὸ
509 2242 540 2305 δ’
554 2243 671 2324 ἡμίονοι
684 2235 846 2325 ταλαεργοὶ

162 2328 307 2412 ἀδμῆτες·
327 2334 386 2394 τάν
399 2329 448 2395 κίν
462 2333 517 2395 τιν’
532 2331 733 2414 ἐλασσάμενος
747 2331 947 2414 δαμασαίμην.

203 2416 260 2492 Ὣς
272 2420 375 2502 ἔφαθ’·
391 2419 420 2484 οἱ
433 2423 464 2484 δ’
473 2419 530 2485 άνά
539 2421 638 2504 θυμὸν
651 2420 815 2506 ἐθάμβεον·
830 2423 864 2486 06
879 2420 934 2529 γάρ
948 2423 1060 2504 ἔφαντο

161 2510 194 2582 ἐς
206 2510 311 2620 Πίλρν
325 2508 464 2595 οἴχεσθαι
477 2514 621 2624 Νγλήιον,
636 2510 715 2575 άλλά
728 2537 786 2574 που
801 2511 895 2574 αὐτοῦ

3 2609 5 2650 λ
89 2599 178 2665 640’
160 2605 259 2686 αγρῶν
272 2603 290 2683 6
281 2597 425 2683 μήλοισι
438 2603 632 2685 παρέμμεναι,
645 2606 677 2714 66
667 2597 843 2684 συβώτῃ.ι

209 2690 271 2756 Τὸν
281 2693 316 2803 δ’
330 2685 386 2756 αι’ντ
387 2687 552 2764 Αντίνοος
561 2693 708 2803 προςέφή,
721 2691 934 2764 Εὐπείθεος
904 2692 981 2766 υιίς·

160 2780 302 2896 νημερτές
314 2807 367 2864 μοι
380 2781 489 2856 ἔνισπε,
503 2782 569 2847 πότ’
586 2781 689 2865 ᾤχετο,
704 2779 754 2846 καὶ
768 2782 846 2854 τίνες
861 2781 943 2862 αὐτῷ

161 2877 267 2956 κοῦροι
279 2872 390 2946 ἕποντ’,
384 2900 392 2914 ·
405 2871 527 2955 Ἰθάκης
540 2868 727 2958 ἐξαίρετοι,’
711 2900 728 2954 η
743 2899 786 2937 εοι
801 2873 894 2936 αὐτοῦ

160 2962 254 3042 θήτίς
266 2987 299 3027 τε
313 2963 407 3076 δμῶές
421 2989 471 3039 τες
486 2964 605 3028 δύναιτό
619 2989 650 3028 κε
665 2959 715 3027 καὶ
728 2989 764 3026 το
751 2961 932 3026 τελέσσαιί

92 3058 146 3116 645
158 3054 211 3116 καί
220 3079 305 3135 μοιτ
287 3054 370 3118 τοῦτ’
384 3055 545 3167 άγόρενσογ
560 3055 711 3136 ἐτήτυμον,
726 3049 791 3134 ὄφρ’
809 3076 841 3113 ευ
824 3045 941 3122 εἰδῶ·

162 3137 227 3256 666
240 3142 324 3227 βίή’
304 3143 447 3215 αίκοντος
461 3143 625 3256 άπήάρα
594 3148 650 3206 νάα
662 3143 813 3251 μίλαιναγ,

159 3231 192 3312 66
205 3230 280 3298 ἑκάν
294 3259 323 3297 οι
317 3233 474 3308 δῶκας,’
460 3261 523 3299 επει
514 3230 748 3316 προςπτάξοιτο
762 3230 905 3315 66665

208 3323 270 3389 Τὸν
284 3326 316 3388 δ’
326 3324 394 3398 υἱὸς
408 3325 552 3412 Φρονίοιο
566 3323 726 3405 Νοήμων’
710 3321 812 3388 αντίον
826 3322 923 3404 νγίδα·Ι

2 1358 8 1407 1
