2410 3728
601 173 684 232 VIII

557 263 727 280 μ*

184 340 290 382 rursus
316 318 394 399 quod
418 320 688 399 comprehenderit,
724 322 895 404 diffluatque
920 338 1009 406 atque
1029 351 1090 390 eva-

184 433 288 482 nescat
300 425 351 480 ills
365 442 453 499 quam
467 425 623 500 concipere
636 423 807 482 studeamus
821 427 929 505 imago.
942 427 1096 487 Eiusmodi

183 524 273 581 lectio
288 540 375 602 quem
388 522 518 581 fructum
530 525 699 598 praeberet,
718 542 774 603 ego
789 527 852 601 ipse
867 537 1007 605 expertus
1021 549 1096 602 sunt,

184 641 275 698 quum
300 622 457 699 aliquando
477 621 597 681 iliadem
624 632 729 700 quater
756 634 809 681 aut
836 628 994 702 quinquies
1018 631 1096 687 intra
1185 658 1187 666 *

180 740 293 798 paucos
315 721 378 778 dies
390 723 521 800 perlegi,
552 731 679 781 utnune
693 741 811 798 rerum,
845 727 926 784 nunc
940 720 1096 801 orationis,
1191 793 1193 800 Α

181 840 264 879 nunc
288 836 494 893 numerorum,
526 840 606 878 nunc
631 835 785 898 poetarum
810 827 927 902 ingenii
945 829 1097 904 totiusque
1183 811 1193 914 A*

183 922 346 996 carminum
364 921 472 976 coloris
486 919 674 978 diversitates
691 923 880 981 adnotarem:
917 942 1096 1001 quaequam
1184 929 1193 992 ’,ἶ

182 1018 288 1075 delnde
302 1020 382 1111 inter
394 1021 457 1094 ipsa
472 1023 692 1096 comparabam,
710 1025 815 1080 misam
829 1024 961 1080 omnium
975 1025 1006 1080 in
1020 1025 1097 1080 idem
1192 1021 1193 1066 l

184 1119 436 1194 conspirationem
461 1117 657 1195 deprehendi,
696 1131 731 1178 ut
758 1123 864 1198 quibus
878 1123 995 1178 inlocis
1010 1125 1097 1178 initia

181 1216 431 1275 dissimilitudinis
444 1237 505 1275 uno
520 1221 552 1275 in
564 1239 675 1298 genere
690 1231 791 1280 essent
807 1221 963 1293 adnotata,
992 1221 1096 1278 iisdem
1191 1237 1193 1286 ξ

180 1318 255 1375 locis
270 1319 458 1376 inveniretur
471 1320 560 1376 etiam
579 1321 612 1376 in
627 1323 752 1379 caeteris
766 1321 926 1400 generibus
941 1322 1097 1378 observata

182 1435 249 1474 esse
275 1418 410 1474 mutatio.
446 1416 563 1474 Horum
586 1418 731 1494 quaedam
744 1422 913 1495 exprompsi
926 1423 958 1476 in
973 1423 1096 1495 epistola

181 1516 219 1574 ad
231 1515 394 1596 llgenium,
420 1534 496 1592 quac
508 1519 670 1593 praemissa
684 1525 730 1574 est
743 1516 868 1575 editioni
877 1537 960 1576 meae
971 1517 1096 1596 hymno·
1179 1584 1181 1593 γ

180 1635 248 1674 rum
261 1615 498 1676 Homerieorum.
537 1615 597 1673 Sed
611 1616 681 1692 quid
694 1615 766 1672 haee
779 1636 929 1690 memoro,
962 1636 1053 1693 quum
1064 1619 1096 1678 in

148 1733 151 1739 ’
181 1719 313 1774 omnium
337 1717 473 1774 manibus
500 1716 540 1774 sit
553 1715 679 1792 Spohnii
704 1719 779 1774 liber
806 1717 843 1773 de
862 1726 994 1775 extranea
1012 1727 1126 1792 parte,
1191 1745 1193 1754 ·

181 1815 343 1894 Odysseae,
358 1819 443 1875 euius
455 1819 514 1874 ulri
524 1827 619 1874 morte
634 1827 664 1874 et
673 1820 791 1874 litterae
804 1835 941 1901 magnam
951 1819 1096 1886 iacturam
1191 1821 1193 1852 ³

182 1917 335 1988 fecerunt,
360 1938 416 1976 nec
430 1919 576 1975 mInorcm
589 1920 676 1976 amici
690 1921 772 1992 eius,
798 1935 925 1994 quorum
939 1935 1024 1974 nemo
1039 1926 1096 1990 est,
1181 1895 1191 1924 ἰ

180 2017 254 2094 quin
273 2019 439 2093 aegerrime
452 2016 602 2073 desideret
616 2021 696 2074 illam
710 2018 948 2076 candidissimam
960 2018 1094 2073 animam.
1190 2033 1193 2060 ἑ

265 2111 433 2192 lstaigitur
446 2132 534 2189 quam
545 2115 608 2170 dixi
620 2118 781 2173 continuae
791 2118 928 2172 lectionis
942 2116 1094 2190 repetitio-

180 2229 220 2271 ne
241 2214 330 2270 ctiam
356 2231 406 2285 ea,
444 2231 520 2289 quae
546 2211 712 2269 difficiliora
737 2223 808 2282 sunt
828 2222 857 2269 et
869 2213 1033 2268 laboriosae
1047 2213 1094 2268 in·
1192 2225 1193 2292 j

182 2312 349 2391 dagationis
362 2315 465 2388 plena,
493 2315 558 2370 erui
572 2313 782 2387 explanarique
794 2320 933 2386 possunt:
949 2302 1048 2386 ‘atque
1060 2322 1096 2368 ut
1184 2299 1193 2401 3*

116 2415 119 2422 ’
182 2415 344 2484 nonnulla,
371 2413 496 2488 quod'iu
510 2423 555 2470 tot
568 2414 719 2488 tantisque
732 2409 838 2466 horum
852 2413 1016 2467 carminum
1028 2431 1093 2469 mu·
1182 2408 1193 2472 s*

153 2557 165 2576 ,
181 2513 345 2570 tationibus
368 2532 431 2571 non
450 2522 496 2569 cst
512 2515 634 2586 mirum,
671 2530 785 2587 semper
806 2511 931 2568 obscura
943 2519 1093 2582 maneant,

182 2623 213 2671 at
224 2615 317 2670 multa
331 2621 430 2670 tamen
443 2631 477 2670 ac
490 2615 592 2670 neseio
607 2632 645 2670 sn
656 2615 796 2688 pleraque
808 2612 880 2668 satis
893 2613 971 2666 clara
982 2613 1014 2667 in
1027 2613 1095 2667 luco

183 2712 415 2770 collocabuntur.
429 2711 584 2789 Simulque
596 2715 647 2768 illa
660 2711 781 2790 legendi
792 2711 870 2767 ratio
881 2709 957 2768 hane
970 2713 1031 2768 rins
1040 2708 1093 2766 ha-

180 2813 247 2885 bet,
276 2821 311 2870 ut
329 2811 430 2870 divina
445 2815 565 2870 illorum
581 2821 749 2887 poematum
768 2811 899 2868 suavitas
912 2811 978 2864 illas
990 2810 1094 2866 inanes

143 2907 145 2915 '
182 2913 361 2970 subtilitates
376 2923 407 2970 et
425 2931 502 2973 vana
521 2914 636 2970 somnis
653 2921 769 2983 arceat,
799 2912 832 2967 in
846 2929 922 2986 quae
940 2911 1037 2965 solent
1049 2910 1092 2966 illi
1184 2939 1193 2990 ιι

180 3010 331 3085 incidere,
364 3013 416 3088 qui
433 3013 536 3070 verius
553 3015 635 3071 locos
653 3010 793 3083 Homeri,
827 3028 915 3086 quam
931 3008 1093 3066 Homerum
1176 2999 1193 3008 ”

183 3113 337 3192 cognitum
348 3111 467 3169 habent.
497 3111 619 3170 Nullum
633 3113 711 3168 enim
724 3111 875 3187 potentius
890 3108 1032 3168 adversus
1046 3127 1094 3164 er·

183 3215 282 3293 gutias
297 3220 328 3269 et
341 3209 533 3271 deliramenta
543 3212 704 3269 remedium
715 3221 772 3285 est,
785 3221 874 3289 'quam
884 3227 973 3268 acrae
985 3206 1094 3264 et'fuco
1163 3249 1165 3253 .

183 3332 245 3373 non
258 3312 422 3396 indigentis
435 3312 644 3394 pulcritudinis
658 3313 777 3374 assidua
789 3311 1005 3388 contemplatio.
