2436 3728
310 512 877 652 onrzzurizu

195 841 293 892 Eadem
303 854 377 892 nocte
388 841 493 909 Ulysset
503 855 528 892 et
538 842 719 903 Telemachus,
738 843 899 909 praelucente
910 841 1034 902 Minerua,

144 926 214 960 arma
232 916 318 962 omnia
329 915 356 960 in
367 914 528 976 superiorem
538 925 645 978 partein,
653 913 909 977 aedirunseponunt,
929 929 961 960 ne
973 911 1036 976 quid

142 981 187 1028 teli
197 993 239 1029 aut
248 982 401 1030 munimenti
411 983 497 1046 procis
508 981 540 1030 ad
551 999 658 1031 manum
668 983 700 1030 sit
711 981 818 1046 (1-46);
837 993 892 1029 tum
902 981 955 1046 ipse
967 981 1036 1029 solus

142 1065 203 1096 cum
212 1050 340 1115 Penelope
352 1051 450 1098 confert
460 1051 620 1110 seimonem,
641 1052 667 1099 in
683 1067 733 1115 quo
749 1050 855 1110 similla,
875 1061 904 1098 ut
913 1066 995 1114 nuper
1005 1047 1038 1096 ad

141 1115 298 1178 Eumaeum,
319 1121 535 1179 comminiscitur,
554 1119 690 1185 Ulyssem
684 1138 711 1168 ιιι
722 1117 798 1168 Creta
809 1117 877 1182 apud
887 1135 912 1165 se
925 1117 1036 1181 hospitio

142 1154 304 1235 deversatum
315 1189 399 1250 fingit,
421 1188 499 1236 etiarn
515 1188 635 1237 vestitum
649 1191 703 1237 eius
714 1199 739 1236 et
749 1189 798 1235 alia
808 1186 840 1234 ad
851 1185 934 1236 fidem
939 1186 1037 1233 sacien-

59 1266 65 1280 ¹
142 1251 203 1299 dam
213 1272 271 1302 vere
283 1255 410 1312 describit,
422 1255 555 1320 denique
548 1269 625 1317 iurat,
646 1274 672 1305 se
685 1255 752 1322 apud
762 1241 919 1318 Tliesprotos
931 1253 962 1302 de
972 1269 1036 1334 pto-

140 1321 237 1384 pinquo
248 1322 347 1370 reditu
341 1323 420 1388 ipsius
432 1323 556 1371 audivisse
572 1322 641 1390 (47-Ι
646 1323 720 1390 507)
737 1324 878 1372 Delectata
888 1323 927 1371 his
941 1323 1037 1370 nuntiis

140 1387 283 1452 Penelope,
303 1389 434 1456 hospitalis
446 1393 523 1438 officii
533 1408 619 1450 causa,
639 1394 663 1439 ei
679 1390 758 1454 pedes
774 1392 842 1439 ablui
859 1393 943 1454 iubet3
968 1387 1038 1472 quod

141 1455 205 1504 dum
215 1458 275 1504 facit
284 1457 409 1526 Euryclea
419 1461 512 1517 nutrix,
533 1459 565 1507 ab
586 1476 615 1504 ea
633 1460 748 1522 primum
763 1462 908 1523 agnoscitur
923 1475 955 1508 cx
969 1461 1036 1507 cica

141 1525 214 1583 trice,
223 1542 303 1590 quam
310 1525 337 1571 in
343 1515 466 1592 Parnasso
478 1493 610 1588 qtiondam
620 1543 713 1575 venans
723 1539 868 1592 acceperat;
862 1527 926 1576 sed
936 1536 1038 1576 coercet

141 1594 227 1642 statim
236 1591 387 1653 mulierem,
407 1610 440 1640 ne
452 1593 514 1655 quid
523 1595 590 1641 ultra
601 1607 703 1658 quaerat
711 1594 752 1644 rel
763 1595 875 1658 garriat(
867 1595 952 1658 (508-
960 1591 1037 1660 507)

140 1659 227 1743 Ulyssi
244 1661 363 1710 dehinc
357 1678 445 1725 ignara
461 1678 498 1709 rer
490 1661 637 1726 Penelope
655 1664 802 1712 ominosum
817 1663 849 1711 de
865 1661 958 1710 reduce
973 1677 1037 1710 mox

141 1733 249 1794 coniuge
261 1732 391 1779 somnium
401 1742 487 1778 narrat
502 1728 587 1792 (508-
592 1728 671 1794 553);
692 1732 733 1780 cui
743 1743 830 1779 tamen
839 1746 892 1789 ιιοιι
903 1729 962 1777 satis
972 1746 1037 1778 con-

140 1800 184 1847 lisa
196 1800 307 1868 exponit,
317 1816 343 1846 sc
353 1812 461 1868 postero
468 1798 508 1846 die
519 1798 604 1862 procis
616 1811 746 1846 certamen
757 1799 907 1856 oblaturam,
920 1809 993 1860 atque
1004 1798 1035 1858 ei,

141 1885 185 1930 qut
177 1867 277 1934 ⁸Ul)
248 1885 293 1915 ssrs
304 1883 392 1934 arcum
402 1861 527 1916 facillime.
534 1865 684 1926 intenderit,
698 1867 850 1931 sagittisque
861 1866 984 1915 destinata
994 1867 1037 1914 fe-

140 1936 234 1994 rierwit,
246 1937 366 1984 continuo
383 1947 521 1999 nupturam
540 1949 593 1981 esse
612 1930 698 1997 (554-
703 1933 777 1998 581)
806 1933 884 1997 Quod
899 1935 1037 1984 consilium

141 2021 222 2068 qttum
231 2004 380 2071 approbavit
389 2004 483 2116 Ulyssi,
494 2003 609 2052 cubitum
618 2004 663 2052 illa
674 2001 782 2053 discedit
795 1998 874 2067 (582-
882 2000 951 2068 604).

161 2131 416 2266 Οὸιισσέιις
436 2177 511 2250 καὶ
519 2133 823 2284 Πηνελόπης
833 2170 999 2277 ὁμιλία.

197 2286 548 2408 ιἰιαγιωρισμὸς
572 2287 657 2410 tirsi
683 2273 973 2417 Εὐρυιιλιίας.

95 2483 101 2494 -
140 2425 321 2528 Aicdp’
276 2476 292 2511 ο
306 2473 336 2511 ιι
349 2442 486 2560 puplipor
480 2405 655 2512 ὑπελείπετιι
669 2453 733 2516 δῖος
744 2443 907 2519 Ὀδυσσεύς,

137 2539 336 2651 ’μνηστήρεσσι
346 2537 445 2617 φόνοι
458 2561 509 2600 σιι
522 2531 636 2618 Αθήιῃ
645 2533 885 2618 μιρμιιρῖζωιν.

141 2632 243 2715 αἶψα
236 2627 267 2693 di
285 2625 487 2741 Τηλέμαχοι”
471 2649 565 2723 arten
556 2625 721 2708 ιιτερόιιτιι
734 2618 901 2707 τροςηῦδα·

189 2718 353 2802 Τηλέμαχε,
366 2717 421 2800 χρη
434 2711 517 2798 ccipe
518 2709 639 2803 Ἀρηΐα
652 2713 799 2794 κατθέμεν
813 2708 906 2775 εἴσω

113 2825 129 2877 5
143 2807 243 2876 πάντα
256 2805 335 2891 μάλ’·
349 2803 445 2889 αὐτὰρ
457 2810 628 2887 μνηστῆρας
640 2801 823 2884 pclnuoic'
800 2801 933 2868 interro

141 2895 338 3013 παρφάσθαι,
352 2894 401 2962 ὅτε
414 2895 462 2959 uti
476 2918 509 2959 σε
520 2891 705 2977 μεταλλῶσιν
716 2890 897 2962 ποθέοντες·
969 2890 985 2903 ⁸

142 2991 174 3056 εἰι
188 3013 304 3052 ιιιιιτιοιι
289 2986 469 3068 κατέθηκ’·
484 2980 545 3049 iusi
560 2983 658 3047 οὐκέτι
671 2991 765 3047 τοῖσιι
779 2979 873 3061 ἐῴκει,

143 3078 193 3146 οἷα
208 3102 282 3141 τοτε
297 3075 449 3160 Τροίηιδε
453 3071 524 3171 ιιιιῗιι·
537 3074 708 3138 κατέλειιει
720 3067 885 3194 Ὀδυσσεύς,Ι
949 3075 951 3078 ’

143 3163 218 3246 tlt*
203 3195 223 3232 α
237 3162 423 3246 κατῄκισται,
437 3162 526 3231 ὅσσοι
538 3163 633 3274 τυρὸς
647 3159 715 3226 ἵκετ’
730 3161 833 3244 ἀϋτμή.

96 3277 129 3330 10
146 3260 222 3354 πρὸς
236 3255 297 3321 ὅ’”
281 3281 324 3322 ετι
337 3280 387 3319 και
377 3250 468 3322 *alti
480 3250 632 3340 μεῖζοι’“
591 3277 669 3338 trip
647 3246 750 3340 φρεσὶν
762 3253 879 3336 ἔμβαλε
883 3245 1006 3335 δαίμων,
