2410 3728
517 231 582 290 Vll

468 319 635 338 Μ

91 395 229 470 idemque
244 388 409 448 carminum
421 387 542 444 illorum
554 387 699 461 scriptor,
712 382 866 458 requirere
878 381 1012 457 ineptum

91 503 189 564 esset,
225 490 295 567 quia
322 487 453 543 etiamsi
470 485 693 542 assentabuno
708 482 802 554 iacta,
836 491 1012 538 tamennon

86 614 128 651 eo
144 601 217 649 sunt
228 589 289 646 fine
303 585 482 661 composita,
495 591 530 640 ut
543 603 636 642 unum
647 591 737 659 atque
749 589 925 658 perpetuum
938 600 1011 656 opus

95 691 264 759 efficerent,
296 683 349 742 sed
368 694 398 741 et
415 684 597 760 temporibus
611 683 691 740 facts
704 681 846 754 diversis,
876 699 931 739 nec
944 683 1011 737 loco

94 789 197 845 omnia
215 787 249 842 in
269 782 373 842 eodem
385 793 439 841 aut
451 802 551 842 coram
564 783 671 842 iisdem
683 781 869 840 auditoribus
883 790 1012 838 cantata.

92 887 189 946 blulto
204 885 300 961 magis
314 891 414 948 autem
427 883 587 941 absurdum
601 892 662 956 est,
680 884 847 958 postulare,
865 889 901 938 ut
914 880 1012 938 diver-

92 1005 197 1044 sorum
217 991 373 1060 poetarum
396 984 584 1040 narrationes
611 982 685 1039 nihil
709 984 789 1039 inter
815 993 847 1038 se
865 979 1012 1038 differant.

10 1095 12 1100 '
90 1085 186 1161 Atqui
199 1102 262 1141 non
275 1103 340 1140 esse
353 1091 448 1140 totam
460 1081 581 1140 Iliadem
593 1090 646 1139 aut
659 1080 823 1159 Odysseam
836 1085 926 1142 unius
938 1075 1015 1158 poc?

91 1196 141 1242 tae
156 1202 249 1258 opus,
266 1183 309 1239 ita
321 1192 407 1239 extra
420 1182 634 1240 dubitationem
645 1185 775 1258 positum
787 1190 875 1257 puto,
890 1191 939 1253 ut,
960 1159 1012 1257 qui

93 1299 183 1339 secus
199 1281 319 1355 sentiat,
334 1299 402 1339 eum
412 1299 474 1339 uon
485 1283 557 1339 satis
568 1283 719 1339 lectitasse
729 1283 779 1338 illa
794 1283 925 1339 earmina
939 1301 1010 1338 con-

92 1381 223 1439 tendam.
250 1379 408 1438 Praeterea
420 1381 494 1437 illud
507 1385 678 1460 neglectum
689 1382 795 1455 video,
815 1382 894 1458 quod
907 1385 1010 1454 multa,

93 1501 172 1558 quac
186 1479 336 1537 Homerus
355 1489 474 1552 narrat,
508 1497 546 1536 ex
559 1482 625 1538 aliis
640 1483 858 1558 antiquioribus
872 1483 1012 1538 carmini-

92 1582 150 1638 bus
164 1589 285 1656 accepta
298 1587 384 1652 sunt,
407 1581 439 1637 in
452 1581 554 1655 primis
569 1581 648 1657 quod
661 1585 770 1640 attinet
783 1582 820 1638 td
833 1599 881 1638 ros
894 1579 1012 1658 mytho-

10 1738 17 1760 ,
93 1682 226 1760 logicas:
263 1679 306 1736 ita
331 1687 366 1737 ut
385 1696 492 1756 operae
504 1683 780 1756 pretiumfacturus
795 1682 849 1752 sit,
890 1681 942 1755 qui
956 1681 1012 1737 sibi

10 1763 12 1768 ,
93 1760 242 1856 proponat
260 1780 312 1835 illa
326 1782 425 1837 omnia
439 1790 470 1837 et
483 1782 624 1860 colligere
639 1789 669 1838 ct
682 1788 827 1855 quantum
838 1779 905 1835 fieri
918 1780 1013 1853 possit

10 1933 27 1952 ¹,
95 1881 272 1952 explanare,
297 1888 387 1955 atque
412 1880 455 1936 ita
480 1883 642 1961 imaginem
660 1877 816 1955 quamdam
838 1875 1011 1934 adumbrare

94 1977 180 2034 illius
197 1994 338 2051 poeseos,
376 1997 452 2054 quae
465 1990 535 2037 ante
547 1979 711 2036 Homerum
723 1977 795 2035 fuit:
832 1995 919 2054 quam
931 1986 1012 2054 patet

94 2095 157 2134 non
172 2077 268 2134 solum
281 2096 345 2134 eam
357 2078 580 2160 intelligendam
594 2097 676 2151 esse,
704 2095 780 2154 quae
794 2081 903 2157 exiguo
916 2081 1009 2154 spatio

80 2178 274 2250 antecessit,
292 2177 448 2236 sedetiam
460 2181 691 2238 vetustissimam
704 2177 801 2251 illam,
821 2196 896 2260 quac
910 2193 1011 2236 rerum

94 2277 264 2334 divinarum
287 2259 376 2353 atque
401 2275 607 2338 humanarum«
617 2279 773 2337 scientiam
786 2276 912 2354 quadam
925 2279 1010 2353 quasi

92 2394 195 2432 rerum
220 2383 374 2455 gestarum
399 2380 588 2453 narratione,
626 2379 705 2437 fictis
723 2396 779 2455 pro
798 2379 843 2434 rei
866 2378 1010 2453 cuiusque

10 2501 12 2530 r
94 2483 203 2532 natura
216 2475 405 2550 nominibus,
433 2487 479 2534 est
493 2479 654 2554 complexa.

178 2572 318 2650 Denique
340 2572 422 2634 aliud
448 2597 509 2634 non
536 2579 634 2636 minus
655 2574 772 2636 difficile
786 2576 939 2656 negotium
953 2586 1009 2649 est,

95 2664 174 2747 quod
193 2674 226 2730 in
243 2677 339 2750 poetis
362 2695 527 2753 eorumque,
541 2667 739 2749 carminibus,
767 2692 805 2732 ex
819 2678 925 2752 quibus
939 2675 1008 2732 llias

95 2780 125 2827 et
137 2769 273 2848 Odyssea
286 2777 466 2850 compositae
481 2761 580 2852 sunt,¹
597 2775 835 2856 distinguendis,
861 2786 924 2833 tum
935 2793 1008 2834 vero

94 2870 184 2926 ctiam
208 2871 241 2927 in
268 2871 442 2948 explicanda
461 2885 525 2934 arte
544 2875 797 2933 diasceuastarum
811 2865 1009 2952 eruendisquc

93 2969 376 3046 interpolationibus
389 2987 536 3034 versatur.
567 2975 654 3045 Quod
667 2978 763 3052 ipsura
775 2978 818 3033 ita
831 2984 877 3032 est
890 2992 1007 3050 compa-

92 3077 208 3142 ratum,
245 3079 280 3128 ut
306 3091 367 3130 non
392 3078 488 3150 possit
512 3076 573 3133 nisi
592 3076 709 3151 saepius
728 3063 1007 3154 repetitalcctiono,

95 3185 153 3244 qua
166 3188 281 3246 semper
294 3171 374 3230 aliud
388 3185 476 3251 atque
489 3174 569 3233 aliud
578 3176 736 3252 praecipue
749 3181 914 3250 spectetur,
938 3191 1007 3248 pcr-

94 3266 153 3326 fici.
189 3266 252 3326 Sed
268 3268 341 3330 hacc
362 3291 480 3351 quoque
498 3276 587 3332 lectio
608 3275 750 3332 continua
763 3277 803 3329 sit
815 3289 937 3328 necesso
951 3281 1006 3340 est,

10 3371 12 3408 ἶ
96 3386 193 3444 neque
212 3371 417 3450 interpelletur
432 3374 499 3433 aliis
517 3375 666 3452 negotiis,
704 3390 742 3428 ne
759 3369 892 3426 elabatur
908 3369 1005 3422 anime
