2424 3732
362 198 660 261 ΟΔΥΣΣΕΙΑΣ
686 205 791 266 VI-II.
845 215 847 218 ’
992 211 1058 272 123

1 359 2 366 ’
16 425 21 428 -
85 355 139 410 560
152 337 207 408 καλ
221 335 345 406 πάνταν
359 335 439 404 ἴσασι
452 339 563 413 πόλιας
576 336 626 404 καὶ
639 339 747 414 πιόνας
760 338 870 428 ἀγροὺς

157 431 347 516 ἀνθρώπων
361 456 412 494 και
403 425 538 512 λαῖτμα
550 426 670 514 τάχισθ’
687 432 788 506 ἁλὸς’
774 435 962 518 εκπερόοοσιν,

155 525 222 606 ἠέρι
233 548 286 596 και
277 518 404 602 νεφέλρ
418 520 654 602 κεκαλυμμέναι·
664 523 750 586 0666
745 524 822 587 ποτέ
832 548 903 605 σφιν

157 611 229 677 οὔτε
242 639 271 676 τι
284 615 480 720 πημανθῆναι
492 610 540 674 ἔπι
554 611 629 684 δέος,
644 611 711 674 οὐδ’
725 611 907 678 ἀπολέσθαι.

157 698 239 766 ἀλλά
251 697 357 766 666⁰
334 727 374 772 ας
387 725 462 764 ποτε
474 699 591 784 πατρὸς
605 698 676 782 ε’γών
689 697 827 775 εἰπόντος
841 699 957 768 ἀκουσα

83 801 140 860 565
153 790 347 864 Ναυσιθόου,
361 787 395 864 ὃς
408 791 519 873 έφασκε
532 789 719 855 Ποσειδάων’
734 788 910 878 ἀγάσασθαι

156 887 235 966 ἡμῖν,
249 877 355 945 οὕνεκα
366 877 483 962 πομποὶ
497 880 646 963 ἀπήμονές
659 879 736 962 εἰμεν
749 879 899 948 ἁπάντων.
945 933 948 941 .

158 977 200 1054 φῆ
214 997 288 1036 ποτε
279 969 445 1051 Φαιήκων
459 973 618 1055 ἀνδρῶν’
587 971 751 1055 ευερνέα
718 975 774 1034 νέα

157 1063 190 1126 ἐκ
204 1065 325 1144 πομπῆς
339 1059 480 1124 ἀνιοῦσαν
495 1061 524 1124 ἓν
537 1062 680 1173 ἡεροειδέὶ
689 1061 790 1142 πόντῳ

157 1151 338 1265 ῥαισέμεναι,
351 1151 425 1232 μέγα
439 1144 499 1214 6’
483 1177 550 1232 ημιν
563 1149 633 1234 ὄρος
647 1151 732 1217 πόλει
737 1149 980 1262 μμφικαλόψειν

83 1219 179 1309 570“
157 1269 199 1316 οις
212 1240 324 1326 ἀγόρευ’
341 1243 357 1304 6
371 1238 528 1325 γέρων·τά
542 1241 576 1304 δέ
586 1266 634 1304 κεν
647 1240 744 1312 θεὸς
734 1268 751 1323 η
743 1237 918 1319 τελέσειεν,

117 1330 175 1414 6
189 1361 206 1396 κ
207 1328 406 1396 ’ἀτέλεστ’
376 1357 429 1412 ειη,
443 1327 484 1403 ὥς
497 1355 525 1394 οι
519 1329 628 1411 ιφίλον
642 1331 747 1395 ἔπλετο
761 1338 861 1415 θυμῷ.

155 1423 220 1486 ἀλλ’
238 1421 289 1505 ἄγε
301 1447 353 1503 μοι
366 1421 435 1485 τόδε
448 1417 520 1494 εἰπέ,
533 1417 583 1484 καὶ
597 1421 743 1504 ἀτρεκέως
756 1421 931 1500 κατάλεξον,

157 1509 240 1594 ὅππῃ
254 1511 471 1594 ἀπεπλάγχθης
484 1536 526 1584 τε,
539 1507 589 1574 καὶ
603 1507 726 1585 ἀςτινας
739 1509 798 1576 ἵκεο
811 1510 913 1596 χώρας
944 1519 947 1526 '

130 1625 132 1628 ·
158 1598 344 1716 ἀνθρώπων·
359 1599 469 1674 αὐτούς
482 1627 514 1665 τε
528 1600 629 1714 πόλεις
642 1597 714 1666 τ’-εό
727 1603 927 1676 ναιεταώσας·

84 1687 172 1760 575
155 1719 173 1774 η
186 1691 239 1774 μὲν
253 1688 319 1756 ὅσοι
331 1691 460 1772 χαλεποί
469 1715 501 1755 τε
514 1687 564 1754 καὶ
578 1689 685 1805 ἀμριοι,
700 1691 768 1756 0666
782 1691 906 1756 δι’·καιοι

143 1779 191 1892 06
199 1809 231 1846 τε
244 1781 417 1892 φιλόξεινοι,
430 1781 484 1845 καί
494 1805 564 1863 σφιν
575 1782 647 1855 νόος·
659 1783 722 1845 ε’στι
713 1777 887 1875 θεουδής.

143 1863 220 1936 εἶπε
211 1871 265 1935 δ’
266 1867 346 1946 ,ἶν’,τι
356 1865 471 1942 κλαίεις
485 1897 535 1934 και
526 1867 668 1956 ὀδύρεαι
682 1873 785 1935 ἔνδοθι
798 1869 898 1952 θυμῷ,

155 1957 306 2047 Αργεέων,
317 1964 455 2034 Δαναῶν,
468 1962 526 2042 ἠδ’
531 1962 664 2026 Ἰλίου
632 1986 714 2026 οιτον
728 1957 851 2025 ἀκοόων.

156 2052 210 2119 τὸν
223 2050 255 2121 δὲ
266 2048 338 2116 θεοὶ
349 2049 403 2133 μέν
405 2051 530 2127 τεῦξαν,
545 2051 752 2116 ἐπεκλώσαντο
767 2054 798 2115 6
801 2049 941 2137 ὄλεθρον
1011 2070 1016 2116 ἵ

84 2154 142 2210 580
156 2137 359 2256 ἀνθρώποις,
356 2138 408 2206 ἵνα
402 2135 463 2255 ᾗσι
476 2137 530 2205 καὶ
526 2142 740 2238 ἐσσομένοισιν
754 2143 849 2224 ἀοιδή.

155 2228 174 2315 6
188 2234 234 2306 τίς
247 2259 297 2296 τοι
310 2227 363 2296 καὶ
374 2231 450 2314 πηὸς
463 2229 618 2314 ἀπέφθιτο
632 2233 739 2298 Ἰλιόθι
753 2233 822 2320 πρό,

157 2323 300 2395 ἕσθλὸς’
284 2319 340 2387 εών
353 2315 514 2406 γαμβρὸς
497 2349 515 2403 η
529 2321 732 2438 πενθερός,“
700 2350 760 2388 οιτε
772 2325 906 2406 μάλιστα

155 2417 290 2528 κήδιστοι
302 2415 476 2488 τελέθουσι,
482 2415 553 2524 μεθ’
567 2413 642 2496 αἷμά
654 2439 687 2510 τε
700 2411 750 2478 καὶ
764 2415 846 2494 γένος
860 2415 977 2489 αὐτους

156 2502 175 2585 6
188 2503 234 2576 τίς
247 2528 307 2566 που
320 2497 370 2566 καὶ
372 2502 504 2612 ἑταῖρος
518 2503 590 2602 ἀνὴρ
597 2501 810 2613 κεχαρισμένα
812 2501 947 2578 εἰδώς,

83 2603 142 2662 585
155 2592 312 2707 ε’σθλόςς’
297 2588 360 2656 επεὶ
372 2589 409 2654 06
420 2592 473 2673 μέν
486 2617 516 2655 τι
529 2594 716 2704 κασιγνήτοιο
729 2590 848 2702 χερεέαν

157 2685 295 2768 γίγνεται,
308 2678 342 2805 ὅς
354 2706 412 2758 κεν,
426 2682 544 2780 ἑταῖρος
558 2679 622 2757 ε’ἀν,
635 2681 805 2766 πεπνυμένα
801 2680 889 2763 εἰδῇ
