2438 3734
395 139 699 237 οκνΣΣειΑΣ
729 146 861 208 xlta.
1026 147 1093 208 223

199 282 262 351 ἀλλ’
279 281 322 370 ὅγ’
337 280 384 370 ἀρ’
398 279 520 371 ἔξωίδον
534 281 679 360 ὡπλίζετο
687 309 699 374 ⁸.
707 291 792 369 χαῖρε
805 283 836 348 δ’
847 278 1011 359 Ὀδυσσεύς,

199 373 265 442 ὅττι
278 376 318 460 ῥά
326 375 361 440 οἱ
373 376 476 460 βιότου
489 373 672 458 περικήδετο,
685 376 790 455 νόσφιν
804 374 914 446 ἐόντος.

198 471 318 550 πρῶτον
331 462 383 547 μὲν
398 463 486 545 ξίφος
499 461 551 540 ὀξὺ
564 460 631 547 περὶ
644 468 797 547 στιβαροῖς
810 459 908 546 βάλετ’
924 461 1024 546 ὤμοις,

200 552 276 636 ἀμφὶ
290 552 321 618 δὲ
334 558 459 636 χλαῖναν
473 554 590 618 ἑέσσατ’
603 552 792 634 ἀλεξάνεμον,
804 550 890 634 μάλα
902 557 1021 636 πυκνήν,

130 655 182 710 530
197 641 234 708 ἀν
248 642 279 709 δὲ
292 639 383 724 νάκην
396 642 468 708 ἕλετ’
485 641 570 725 αι’γὸς
583 642 752 727 ἐϋτρεφέος,
765 641 921 724 μεγάλοιο·

198 731 291 798 εἵλετο
306 736 336 798 δ’
350 730 420 810 ὀξὺν
432 729 555 806 ἄκοντα,
568 736 661 796 κυνῶν
674 731 809 815 ἀλκτῆρα
821 727 872 794 καὶ
886 731 1008 815 ἀνδρῶν.

198 828 234 906 βῆ
248 830 266 888 δ
270 825 279 848 ’
293 821 388 905 ἴμεναι
401 821 496 896 κείων,
510 818 563 886 iaia
576 847 631 906 περ
645 819 712 894 σόες
727 819 915 908 ἀργιόδοντες

199 913 290 999 πέτρῃ
303 909 362 978 ἀπο
376 917 512 998 γλαφυρῇ
526 904 619 989 εὗδον,
631 911 738 999 Βορέω
751 909 797 976 ὑπ’
815 909 894 998 ἰωγῇ.

198 1097 1093 1130 mmmmm

363 1229 821 1319 ΟΔῩΣΣΕΙΑΣ
872 1230 923 1315 Ο.

559 1402 727 1418 „nn-

247 1480 438 1544 Telemachum,
457 1479 646 1532 Lacedaemoni
660 1478 827 1541 desidentsnn
848 1481 876 1529 in
891 1482 988 1529 somnis
1003 1493 1093 1528 monet

195 1548 324 1612 Minerva,
334 1551 442 1613 domum
451 1563 481 1601 ut
491 1551 591 1612 redeat,
607 1567 706 1615 quaque
715 1551 756 1599 uia
766 1565 906 1614 procomm
915 1548 1020 1598 insidias
1030 1549 1092 1598 uitet

196 1615 219 1681 (1
226 1617 299 1686 -45).
336 1621 406 1685 Ergo
417 1621 438 1668 is
448 1621 533 1684 primo
543 1636 619 1668 mane
630 1619 768 1667 aMeuelao
779 1617 923 1666 revertendi
933 1617 1035 1667 veniam
1043 1632 1091 1682 pe-

194 1687 231 1746 tit,
243 1687 316 1750 atque
326 1690 435 1754 acceptis
446 1689 477 1736 ab
489 1689 544 1753 ipso
556 1699 581 1736 et
592 1685 622 1736 ah
633 1686 730 1735 Helena
739 1685 895 1745 munerIbuu
907 1697 1090 1749 conspectaque

119 1765 122 1768 ·
173 1811 179 1820 ⁶
195 1754 235 1802 avi
247 1755 364 1817 secunda,
380 1773 440 1804 cum
449 1756 579 1806 Pisistrato
589 1757 675 1820 pergit
683 1753 715 1802 ad
724 1770 823 1813 navem,
840 1754 867 1800 in
877 1765 955 1817 postu
964 1753 1037 1818 Pylio
1047 1769 1091 1802 re·-

193 1822 283 1870 lictam
294 1821 358 1887 (44-
366 1823 432 1888 181).
446 1823 538 1887 ¹Pheris
549 1825 642 1873 itertun
648 1822 779 1881 deversati,
786 1823 865 1870 altero
876 1821 916 1869 die
927 1821 1020 1886 Pylum
1029 1827 1091 1885 p'er-

129 1931 143 1942 ,
193 1891 299 1939 veniunt
305 1913 312 1954 γ
329 1891 396 1940 unda
407 1893 583 1952 Telemachus,
594 1892 723 1940 Pisistrato
737 1889 769 1938 ad
778 1901 879 1954 patrem
888 1891 1002 1952 remisso,
1014 1901 1039 1937 et
1049 1907 1091 1938 as-

194 1970 297 2022 sumpto
309 1959 510 2024 Theoclymeno‚
520 1973 575 2011 vate
585 1956 690 2024 Argivo,
701 1971 757 2007 uam
767 1958 800 2006 ob
812 1957 917 2006 caedem
927 1958 1008 2016 exule,
1026 1974 1091 2022 pro-

192 2042 255 2090 pere
266 2028 349 2088 solvit,
360 2044 388 2076 ac
399 2039 465 2078 tutus
476 2029 551 2080 devia
560 2030 720 2093 navigatione
730 2028 757 2075 in
763 2023 1090 2091 patriamadvehimr(182-

193 2089 264 2155 500).
281 2092 385 2160 Ulysses
397 2094 494 2144 interea
505 2113 565 2145 cum
574 2095 689 2152 Emnaso
701 2113 778 2160 super
788 2111 895 2144 coenam
905 2094 1011 2143 consilia
1025 2109 1090 2142 oon-

192 2159 244 2209 sert
253 2160 285 2222 (le
294 2164 454 2228 profectione
465 2165 492 2212 in
501 2165 607 2227 urbem3
615 2197 618 2201 -
625 2166 702 2215 simul
714 2163 747 2212 de
758 2165 904 2229 parentibus
915 2164 966 2212 suis
976 2163 1089 2212 sciscita-

193 2239 234 2276 ωε
244 2241 269 2278 et
279 2231 310 2280 de
320 2233 407 2297 priore
418 2233 518 2282 fortuna
529 2234 607 2298 ipsius
619 2229 777 2297 (301-588):
795 2233 837 2296 qui
848 2233 941 2282 natales
952 2248 1009 2280 suos
1016 2248 1088 2281 enatb

192 2308 238 2354 rat,
250 2309 324 2362 atque
334 2313 362 2349 ut
372 2301 454 2348 infans
466 2303 532 2349 olim
542 2319 555 2349 a
566 2300 736 2351 Phoenicibus
752 2317 783 2351 ex
792 2302 874 2350 insula
885 2301 958 2366 Syria
968 2302 1053 2365 raptus
1064 2311 1090 2350 et

190 2364 297 2414 Laertae
307 2368 466 2434 venditussit
475 2367 631 2434 (389-495).
654 2369 711 2418 lam
719 2371 852 2434 appulsam
861 2386 952 2418 navem
961 2387 1033 2418 suam
1040 2369 1089 2416 Te·

191 2433 322 2484 lemachus
341 2437 374 2486 ad
383 2438 477 2486 urbem
489 2437 579 2496 mittit,
600 2436 822 2502 Theoclymeuum
842 2438 945 2486 cuidam
959 2439 1089 2486 sociorum

191 2503 362 2563 commendat,
375 2507 428 2570 ipse
440 2517 525 2556 autem
537 2503 637 2555 diverso
648 2506 739 2556 itinere
751 2505 784 2554 ad
792 2505 937 2558 Eumaeum
946 2506 1088 2571 proficisci-

190 2579 232 2618 tur
242 2567 309 2668 (496¹
319 2599 335 2610 -
345 2571 420 2640 557).

242 2726 497 2829 Τηλεμάχου
523 2725 631 2830 πρὸς
656 2725 855 2828 Είίμαιον
881 2725 1035 2829 ἄφιξις.

145 2873 148 2884 ’
186 2848 287 2946 eHi'
303 2882 347 2957 εἰς
360 2879 519 2972 εάρόχορον
531 2881 747 2969 Λακεδαίμονα
758 2873 1005 2963 ΠαλλάςᾸθήυη

192 2969 286 3054 ᾤχετ’,
299 2973 457 3059 Ὀδυσσῆος
468 2971 643 3057 μεγαθύμου
657 2974 799 3057 φαίδιμον
811 2971 876 3037 υἱόν

191 3062 300 3126 νόστου
313 3063 533 3148 ὑπομνήσουσα,
547 3061 597 3130 καὶ
612 3059 790 3151 ὀτρυνέουσα
803 3063 933 3127 νέεσθαι.

191 3143 257 3236 εὗρε
271 3149 302 3216 δὲ
315 3156 490 3237 Τηλέμαχον
507 3152 557 3219 καὶ
570 3157 727 3239 Νέστορος
740 3154 852 3235 ἀγλαὸν
865 3152 937 3225 υἱόν,

158 3249 175 3304 5
190 3237 302 3306 εὕδοντ’
316 3242 347 3307 ἐν
360 3244 502 3327 προδόμῳ
517 3245 671 3314 Μενελάου
685 3244 874 3327 κυδαλίμοιο·
