2438 3734
353 165 652 250 οκεεειτιΑΣ
680 191 758 254 XV.
886 257 892 272 ,
972 199 1039 263 εει

138 332 267 419 ὄψεται·
281 329 317 396 οῦ
329 326 382 414 μὲν
395 329 451 416 γάρ
465 357 494 396 τι
507 325 597 414 θαμόι
608 331 767 414 μνηστῆρα
779 325 823 397 ἐ’νλ
838 329 910 415 οἴκῳ

138 425 287 506 φαίνεται,
302 423 369 486 ἀλλ’
383 419 443 486 ἄπο
457 427 517 487 τῶν
530 422 664 507 ὑπερωίῳ
679 421 762 488 ἱστὸν
774 423 901 504 ὑφαίνει.

137 513 219 580 ἄλλό
233 539 281 578 τοι
295 511 388 577 ἄλλον
403 518 491 593 φῶτα
505 511 722 596 πιφαύσκομαι,
737 509 770 578 όν
783 539 831 592 κεν
845 511 934 597 ἵκηαι,

116 683 120 696 ¹
136 604 325 688 Εὐρύμαχον,
340 603 493 688 Πολύβοιο
508 605 670 688 δαΐφρονος
684 603 797 686 α’γλαδν
809 603 883 680 υίόν,

62 703 121 763 520
134 694 188 760 τὸν
201 700 252 758 νῦν
266 696 316 758 ἶσα
328 699 393 774 θεῷ
406 695 570 774 Ἰθακήσιοι
583 693 752 778 εἰςορόωσιν
760 718 774 773 ἡ
951 777 955 782 .

136 780 188 850 καὶ
202 780 257 869 γὰρ
271 783 384 848 πολλὸν
398 781 522 869 σ’ίριστος
536 782 618 868 ἀνήρ,
632 784 756 866 μέμονέν
769 810 801 849 τε
813 779 947 866 μάλιστα

136 874 234 958 μητέρ’
250 873 320 956 ἐμήν
333 874 459 957 γαμέειν,
473 869 522 938 καὶ
533 872 692 956 Ὀδυσσῆος
706 874 793 958 γέρας
807 875 890 952 ἕξειν.

137 961 217 1030 ἀλλὰ
229 961 300 1046 τόγε
312 961 388 1037 Ζεύς
401 966 479 1028 οἶδεν
490 963 657 1046 Ὀλύμπιος,
672 964 774 1046 αἰθέρι
786 966 888 1041 ναίων,

134 1053 166 1118 εί
175 1055 210 1118 κέ
220 1079 273 1136 σφι
287 1053 345 1138 πρὸ
359 1051 466 1139 γάμοιο
479 1055 645 1136 τελευτήσει
659 1055 752 1120 κακόν
765 1049 852 1140 ἦμαρ.

60 1153 118 1214 525
173 1140 230 1218 Ὦς
243 1143 304 1225 ίίρα
317 1144 346 1208 οἱ
359 1145 472 1209 εἰπόντι
487 1145 748 1221 ἔπε’πτατο»“δεξιδς
763 1144 853 1228 ὅρνις,
911 1184 914 1190 ·

133 1233 245 1316 κίρκος,
257 1231 448 1316 Ᾰπόλλωνος
461 1232 555 1319 ταχὺς
568 1233 704 1318 ἄγγελος·
719 1236 750 1300 ἐν
763 1234 799 1322 δὲΙ
807 1238 947 1320 πόδεσσιν

134 1326 217 1389 τίλλε
230 1328 349 1390 πέλειαν
362 1326 445 1409 έχων,
464 1322 544 1391 κατὰ
558 1324 589 1390 δὲ
602 1321 698 1411 πτερὰ
710 1330 793 1409 χεῦεν
806 1326 899 1412 ἔραζε,

133 1413 281 1498 μεσσηγύς
294 1415 364 1497 νηός
377 1441 409 1481 τε
422 1410 472 1480 καί
487 1418 580 1480 αὐτοῦ
596 1417 792 1500 Τηλεμάχοιο.

134 1502 187 1570 τὸν
202 1505 232 1571 δὲ
249 1503 454 1588 Θεοκλύμενος
467 1504 582 1592 ἑτάρων
596 1506 748 1588 ἀπονόσφι
761 1506 920 1582 καλέσσας,

61 1604 117 1662 530
132 1595 163 1661 όν
175 1594 199 1659 τ’
216 1595 277 1678 ἄρα
291 1595 320 1660 οἱ
334 1601 373 1677 φῦ
386 1596 471 1681 χειρί,
486 1597 557 1670 ἔπος
570 1598 596 1662 τ’
610 1597 706 1677 ἔφατ’,
721 1597 752 1662 έκ
766 1599 792 1662 τ’
807 1597 973 1680 ὀνόμαζεν·’

182 1685 341 1771 Τηλέμαχ’,
355 1685 451 1750 οῦτοι
465 1685 533 1751 ἄνευ
546 1693 623 1752 θεοῦ
638 1686 749 1752 ἔπτατο
764 1683 860 1764 δεξιός
874 1684 970 1776 όρνιςῄ

132 1775 222 1860 ἔγνων
235 1776 291 1860 γυίρ
304 1804 354 1858 μιν
368 1775 477 1850 ἕςέιντα
492 1773 561 1842 ι’δῶν
575 1773 681 1841 οἰωνόν
695 1778 791 1843 ἐόντα.

131 1866 275 1952 όμετέρου
289 1868 320 1931 δ’
335 1869 387 1931 οῦκ
401 1867 463 1932 έστι
476 1867 559 1950 γένος
572 1862 780 1952 βασιλεύτερον
794 1865 869 1933 ἄλλο

724 1953 810 1980 *27

133 1957 165 2020 έν
178 1958 265 2038 δήμῳ,
272 1953 403 2040 Ἰθάκης,
418 1958 485 2022 ἀλλ’.
499 1957 580 2041 ὑμεῖς
593 1983 733 2043 καρτεροι
748 1983 815 2022 αιει.

2 2031 116 2158 χ’535
179 2040 339 2112 Τδνδάῦ
354 2047 528 2132 Τηλέμαχος
541 2048 723 2132 πεπνυμένος
737 2049 840 2140 ἀντίον
853 2045 943 2132 ηῦδα·
1002 2026 1035 2048 ”

74 2181 78 2188 1
133 2136 169 2202 αῖ
180 2134 236 2223 γὰρ
250 2140 350 2226 τοῦτο,
366 2141 447 2214 ξεῖνε,
462 2139 534 2212 έπος
545 2138 755 2222 ’τετελεσμένον
769 2136 827 2222 εἴη·

134 2233 178 2309 τοῦ
192 2254 223 2292 κε
236 2223 317 2311 τάχα
330 2229 429 2311 γνοίης
443 2225 593 2313 φιλότητά
606 2225 642 2295 τε
652 2227 751 2295 πολλοί
764 2257 796 2296 τε
810 2237 893 2318 δῶρα

136 2318 168 2395 ἐξ
183 2320 260 2401 ε’μεῦ,
274 2318 314 2390 ὡς
329 2317 365 2384 ἄν
378 2318 426 2392 τίς
439 2344 471 2384 σε
484 2321 698 2405 συναντόμενος
710 2323 879 2407 μακαρίζοι.
965 2390 967 2398 ,

173 2403 227 2484 Ἦ,
241 2404 291 2473 καὶ
304 2409 448 2494 Πείραιον
462 2409 656 2497 προςεφοίνεε,
670 2409 776 2478 πιστόν
790 2414 924 2499 ἑταῖρον·

2 2495 3 2498 ¹
66 2507 122 2569 540
135 2499 259 2585 Πείραιε
271 2501 415 2582 Κλυτίδη,
429 2497 465 2566 σύ
478 2503 513 2566 δέ
521 2511 573 2584 μοι
587 2501 683 2587 τοίπερ
696 2500 777 2566 ἄλλα
789 2497 923 2585 μάλιστα

2 2965 4 3008 λ

1 3014 2 3039 ι

136 2591 228 2671 πείθη
242 2590 318 2672 ἕμοῦν
332 2587 457 2676 ἑταίρων,
472 2588 563 2673 οίμοι
576 2589 681 2654 Πύλον
695 2591 737 2664 εἰς
751 2589 801 2675 ἅμ’
814 2592 939 2657 ἕποντο·

137 2677 187 2746 καί
200 2687 251 2746 νῦν
263 2708 315 2765 μοι
324 2677 381 2768 τόν
395 2684 488 2758 ξεῖνον
502 2679 580 2764 ἄγων
593 2681 625 2744 ἐν
639 2676 754 2764 δώμασι
768 2691 864 2748 σοῖσιν
888 2715 893 2726 ·

75 2769 82 2775 “
137 2771 280 2845 ε’νδυκέως
294 2773 404 2854 φιλέειν
418 2767 469 2836 καλ
482 2763 587 2854 τιέμεν,
601 2769 711 2842 εῖςόκεν
725 2772 816 2837 έλθω.
847 2795 850 2801 ·

185 2858 247 2926 Τόν
260 2865 291 2926 δ’
305 2858 343 2928 αύ
357 2860 505 2948 Πείραιος
519 2857 711 2945 δουρικλυτὸς
725 2857 930 2943 ἀντίονηόδα·

69 2959 123 3018 545
138 2951 296 3034 Τηλέμαχ’,
314 2953 342 3017 εἰ
353 2952 409 3038 γάρ
423 2979 473 3017 κεν
486 2948 521 3016 σῦ
535 2947 629 3016 πολύν
642 2950 749 3036 χρόνον
763 2950 874 3017 ἐνθάδε
887 2952 1013 3035 μίμνοις,

138 3041 224 3111 τόνδε
232 3039 260 3103 τ’
277 3038 333 3124 ἐγὼ
346 3043 563 3125 κσμιιῦ,ξενίων
577 3041 611 3106 δέ
622 3041 654 3110 οἱῚ
664 3042 698 3104 οῦ
712 3044 795 3126 ποθὴ
809 3043 902 3108 ἔσται.

179 3126 339 3204 Ὢςείπών
353 3129 401 3196 ἐπὶ
414 3130 483 3215 νηὸς
496 3133 555 3218 ἔβη,
569 3132 700 3197 ε’κέλευσε
713 3135 744 3198 δ’
758 3133 906 3217 ἑταίρους,

139 3217 251 3295 αύτούς
263 3221 290 3285 τ’
304 3219 466 3305 ἀμβαίνειν,
481 3215 538 3288 ἀυῦι
550 3249 583 3288 τε
595 3222 763 3306 πρυμνήσια
777 3230 873 3292 λῦσαι.

140 3311 170 3379 οἱ
182 3309 210 3377 δ’
227 3309 294 3398 αἶψ’
311 3309 465 3397 είςβαινον,
479 3310 528 3380 καὶ
544 3311 592 3380 ἐπὶ
605 3308 702 3398 κληῗσι
715 3315 850 3395 κάθιζον.
