2410 3728
20 2749 22 2802 l

152 275 1027 310 ‘m

300 612 759 746 ΟΔΥΣΣΕΙΛΣ
812 617 862 700 Α.

495 815 670 831 m

185 925 307 976 luvocata
316 926 397 986 Musa,
412 937 441 976 ut
449 925 570 992 Ulyssem
581 938 655 976 cenat
665 925 695 976 eh
707 944 793 978 eversa
803 928 882 976 Troia
892 939 1027 990 errantem,

133 1005 164 1054 et,
177 997 277 1044 amissis
287 994 407 1043 omnihus
417 995 500 1054 sociis,
511 993 621 1042 domum
631 995 782 1044 redeuntem
793 993 815 1058 (ι
823 1022 839 1032 ·
846 1012 876 1045 ιο
883 995 905 1060 l,
915 999 1026 1046 ner-ratic

132 1061 233 1112 ducitur
243 1063 276 1112 ab
287 1079 317 1120 eo
328 1075 454 1127 tempore,
466 1078 516 1126 quo
528 1060 651 1127 Calypsus
662 1064 773 1112 insulem
783 1063 826 1110 ille
836 1065 971 1116 relicturus
982 1077 1027 1114 est.

130 1127 244 1180 Absente
256 1132 326 1180 enim
336 1131 470 1196 Neptuno,
488 1129 559 1178 cuius
575 1132 613 1178 ira
622 1131 706 1178 virum
721 1133 773 1180 iam
783 1128 882 1180 dudum
891 1133 976 1182 reditu
986 1151 1028 1182 ar-

131 1200 216 1259 cehat,
237 1197 371 1248 decretum
390 1200 418 1246 fit
436 1199 463 1246 in
482 1198 592 1246 concilio
610 1197 732 1258 deorum,
751 1211 780 1248 ut
795 1197 905 1266 Calypso
921 1218 981 1248 eum
995 1201 1026 1249 ab

131 1265 233 1334 Ogygia
245 1267 330 1316 insule
339 1266 470 1314 discedere
481 1265 640 1329 domumque
650 1267 743 1314 reverti
753 1268 818 1314 sinat
827 1267 867 1328 (11
876 1265 953 1332 -95):
973 1269 1028 1316 Mi-

129 1351 207 1384 nerva
218 1347 317 1395 autem,
336 1350 401 1398 quse
411 1333 437 1381 id
446 1334 559 1382 muisne
570 1335 633 1396 agit,
653 1335 680 1382 in
690 1335 805 1383 Ithacam
815 1335 847 1383 ad
856 1335 937 1384 filium
949 1337 1027 1398 ipsius

23 1457 28 1468 ,
128 1403 314 1468 pubescentem
323 1401 430 1460 festinat,
440 1402 486 1449 ubi
495 1417 589 1466 magna
599 1402 672 1451 turba
681 1419 828 1467 procorum,
839 1403 934 1467 nuptiis
943 1403 1027 1451 Pene-

128 1471 201 1536 lopes
211 1471 412 1528 imminentium,
421 1467 521 1535 Ulyssis
532 1471 617 1534 copias
628 1469 781 1534 quotidianis
790 1472 910 1519 conviviis
916 1471 1027 1520 shsumit

130 1536 284 1602 (ph-112).
309 1535 389 1602 Apud
407 1551 451 1586 eos
466 1553 542 1600 aeger
557 1538 636 1586 animi
647 1539 815 1587 Telemachus
826 1537 937 1586 assidens
953 1554 1028 1587 reve-

128 1617 216 1656 renter
226 1605 321 1669 excipit
331 1604 414 1664 dearn,
425 1603 535 1665 Mensae,
546 1605 706 1670 Taphiorum
717 1607 792 1670 regis,
809 1608 892 1670 specie
904 1605 1026 1669 indutam,

128 1690 192 1738 quae
203 1674 293 1737 ipsum
302 1674 378 1722 variis
389 1673 550 1722 sermonibus
561 1673 591 1722 ad
599 1676 756 1740 spempatris
763 1673 915 1738 propediem
925 1673 1025 1722 reducis

126 1741 233 1790 videndi
250 1741 356 1800 excitet,
375 1739 539 1804 hortamrque
550 1741 583 1789 nd
597 1745 749 1790 concionem
759 1742 931 1789 Itlrncensium
947 1757 1027 1804 agen·

128 1809 195 1869 dam,
206 1810 234 1857 in
247 1825 297 1872 qna
306 1817 447 1872 procorum
457 1809 563 1856 iniurias
572 1810 657 1872 palam
668 1821 779 1866 accuset,
797 1819 822 1855 et
830 1819 859 1855 ut
868 1808 921 1871 ipse
932 1810 1025 1869 statim,

128 1877 161 1926 de
171 1889 244 1942 patre
256 1876 421 1936 sciscitatum,
439 1875 472 1925 ad
486 1877 624 1930 Nestorem
639 1893 667 1924 ac
683 1877 831 1924 Menelaum
846 1876 1026 1938 proficiscatur,

128 1959 218 1994 recens
227 1945 262 1993 nb
273 1943 401 1994 erroribus
410 1960 542 2007 regressos
553 1939 720 2006 (no-318).
749 1941 819 2000 Mox,
838 1942 882 1991 uhi
900 1959 931 1992 ex
946 1945 1026 1993 oculis

129 2013 233 2062 evanuit
243 2011 298 2072 des,
309 2028 362 2060 non
372 2013 425 2060 sine
436 2011 533 2060 indicio
543 2011 662 2068 numinis,
673 2009 801 2068 Phemius,
812 2026 952 2073 procorum
962 2028 1027 2076 epu-

20 2095 21 2140 }
125 2081 158 2130 lis
169 2081 308 2140 adhibitus,
325 2096 414 2128 canere
426 2079 526 2128 orditur
536 2077 568 2126 de
579 2079 676 2126 infelici
686 2079 845 2142 navigatione
855 2075 1025 2142 Achivonun3
1127 2113 1134 2134 ι

20 2145 25 2200 i
125 2165 177 2212 quo
188 2159 345 2212 argumento
357 2147 451 2196 offensa
461 2148 591 2211 Penelope
603 2159 733 2196 cantorem
747 2145 780 2195 ad
792 2147 839 2194 slis
850 2163 968 2196 revocare
980 2163 1026 2196 co-

124 2230 214 2265 natur:
231 2215 280 2264 sed
290 2233 304 2263 s
314 2215 366 2264 lilio
379 2215 459 2264 libere
470 2215 677 2279 reprehenditur,
692 2217 734 2278 qui
746 2231 814 2263 nunc
822 2216 938 2280 primsun
949 2217 1026 2264 etiam

124 2301 186 2334 cum
195 2283 285 2348 procis
296 2285 468 2332 contumacius
480 2298 603 2346 generosa
613 2283 773 2348 simplicitate
786 2283 938 2346 expostulat,
960 2295 984 2332 et
997 2283 1023 2330 in

124 2353 270 2401 crastinum
286 2351 376 2398 indicit
396 2351 560 2409 concionem,
580 2349 648 2400 haud
670 2349 828 2398 dissimulato
850 2353 956 2399 consilio
976 2367 1022 2398 suo

125 2417 287 2485 (319-419).
314 2418 423 2468 interim
431 2420 497 2467 flexo
508 2419 535 2466 in
544 2433 677 2482 vesperam
692 2417 733 2466 die
744 2419 816 2484 proci
828 2436 841 2466 a
853 2431 927 2468 cantu
938 2431 962 2466 es
972 2420 1022 2467 sal-

123 2488 223 2535 tatione
235 2486 352 2536 cubitum
362 2485 496 2537 discedunt
507 2485 612 2549 domos,
628 2488 732 2552 ipseque
743 2486 912 2536 Telemachus
923 2487 1008 2536 dormi

123 2567 181 2608 trun
191 2555 213 2604 it
223 2551 388 2619 (420-444).

154 2713 279 2784 Θεῶν
305 2706 457 2811 dyopa'.
500 2706 697 2808 Ἀθηνᾶς
722 2713 998 2812 παραίνεσις

369 2822 481 2928 πρὸς
509 2829 781 2934 Τηλέμαχον.

118 2953 257 3064 Ἄνδρα
267 3005 319 3062 μοι
332 2978 440 3054 ἔννεπε,
453 2985 571 3056 Μοῦσα,
578 2975 777 3060 πολύτροπον,
785 2975 818 3051 ὃς
829 2978 912 3059 μάλα
924 2969 1022 3040 πολλὰ

125 3065 283 3152 πλάγχθη,
300 3066 363 3133 e’nsi
380 3070 489 3152 Τροίης
503 3071 580 3156 ἱερὸν
594 3069 779 3149 πτολίεθρον
792 3067 924 3150 ἔπερσεν·

124 3161 253 3221 πολλῶν
266 3159 297 3222 δ’
312 3156 483 3241 ἀνθρώπων
497 3158 555 3224 ἴδεν
570 3157 673 3232 ἄστεα,
687 3153 736 3222 καὶ
750 3155 819 3220 νόον
832 3155 918 3235 ἔγνω·

127 3243 233 3310 πολλὰ
246 3249 277 3312 d’
291 3245 334 3332 ὅγ’
348 3249 378 3313 ἐν
390 3249 492 3326 πόντῳ
506 3245 606 3311 πάθεν
620 3245 711 3330 ἄλγεα
725 3243 760 3309 ὃν
773 3239 851 3308 κατὰ
864 3241 971 3324 θυμόν,

95 3341 113 3396 d
126 3334 295 3476 dpsigssoe
309 3334 343 3420 ἦν
355 3364 387 3403 τε
399 3337 498 3422 ψυχὴν
511 3334 562 3402 καὶ
575 3336 683 3400 νόστον
696 3334 829 3415 ἑταίρων.

231 3429 330 3492 dpssea.
761 3427 784 3478 Α
