2410 3728
619 172 663 230 Vl

180 335 256 395 quae
269 321 390 398 antiqua
404 329 434 377 et
445 320 577 400 genuina
589 325 751 382 carminum
761 325 880 388 illorum
891 327 986 395 forma
996 331 1088 390 inerit
1124 379 1135 398 x

179 420 337 478 nescimus.
371 418 412 478 Et
433 429 532 477 tamen
549 431 601 479 aut
613 441 674 479 non
686 434 785 498 potest
795 427 915 485 omnino
930 427 1023 487 dehis
1037 451 1086 489 ra·

176 517 233 575 hus
257 517 398 592 iudicari,
435 529 488 579 aut
498 519 687 600 iudicandum
700 531 746 580 eat
758 524 920 586 secuudum
933 528 1087 604 quamdam

125 661 141 688 ,
178 615 259 687 cius,
290 616 369 690 quod
387 621 550 696 genuinum
569 623 623 692 sit,
652 623 821 700 imaginem.
857 623 933 683 Eam
946 627 1039 703 igitur
1053 640 1086 686 ut
1114 626 1121 636 '

176 718 243 791 quie
261 716 358 774 auimo
377 720 523 794 concipiat
539 729 628 795 atque
642 721 685 777 ita
695 723 846 796 paullatim
859 723 1014 798 informet,
1051 737 1087 785 ut

174 834 228 892 pro
243 818 346 894 regula
360 825 390 872 et
402 835 506 875 norma
519 821 707 893 comparsit,
722 839 783 878 non
797 823 870 880 satis
885 833 931 880 est
944 841 994 897 ea,
1009 843 1085 900 quae

174 932 193 970 a
206 915 355 971 veteribus
368 916 567 992 grammaticis
583 926 613 972 et
627 919 738 974 criticis
747 913 860 978 tradita
873 931 959 996 sunt,
992 925 1082 981 colle·

174 1015 254 1092 gisae
267 1022 355 1088 atque
368 1014 400 1070 in
413 1023 568 1071 numerato
581 1012 702 1074 habere:
716 1036 785 1076 nam
798 1017 845 1076 his
858 1022 921 1078 iere
934 1024 1022 1080 ctiam
1035 1024 1082 1080 in·

159 1113 316 1174 ,certiores
348 1111 514 1170 reddimur:
565 1110 617 1170 scd
642 1126 762 1193 propter
789 1119 923 1198 singulas
951 1139 1083 1198 quasque

173 1210 262 1265 etiam
286 1211 499 1268 minutissimas
524 1227 573 1267 res
601 1207 698 1270 denuo
726 1221 807 1272 totus
827 1214 1023 1296 perlegendue
1037 1229 1084 1276 cst

171 1307 337 1383 Homerus,
367 1312 533 1368 attentione
553 1308 645 1367 animi
660 1308 741 1369 omui
753 1307 786 1369 in
798 1305 830 1369 id
842 1329 950 1388 unum,
974 1312 1009 1372 de
1023 1335 1081 1391 quo

171 1408 340 1482 quaeritur,
366 1406 471 1468 defixa.
499 1411 564 1479 Quo
582 1402 614 1466 id
628 1413 853 1486 consequimur,
868 1423 925 1486 ut,
946 1412 1085 1490 quoniam

170 1507 203 1564 in
228 1508 354 1586 singulis
376 1510 468 1581 locis,
505 1505 612 1584 quippe
626 1511 677 1584 qui
689 1511 805 1584 possint
817 1506 990 1586 interpolati
1008 1529 1085 1586 cece,

169 1623 274 1682 parum
302 1607 444 1683 praesidii
475 1607 569 1679 inest,
618 1615 717 1663 tamen
744 1623 856 1666 summa
880 1604 1022 1686 quaedam
1045 1625 1083 1666 cx

170 1706 361 1764 multitudino
380 1706 580 1782 exemplorum
593 1697 784 1780 conficiatur,
823 1723 899 1786 quae
913 1699 1018 1763 deinde
1037 1716 1083 1763 cat

172 1806 343 1865 accuratius
369 1800 583 1864 consideranda
604 1812 634 1862 et
652 1824 718 1863 cum
732 1799 769 1863 iia
782 1803 856 1865 locis
870 1804 922 1886 qui
934 1817 1082 1882 repugna·

171 1922 205 1962 re
232 1906 373 1964 videntur
395 1900 588 1965 conferenda:
619 1899 697 1983 quod
723 1923 814 1982 quum
838 1906 981 1977 ficimus,
1019 1913 1083 1962 tum

169 2020 242 2060 vero
270 2000 451 2060 adhibendae
478 2015 509 2059 et
533 2007 697 2080 scripturae
722 1999 908 2064 diversitates
936 2010 966 2060 et
989 2000 1082 2059 adno-

170 2102 299 2159 tationes
313 2099 588 2176 grammaticorum,
620 2109 656 2156 ut
668 2112 821 2174 appareat,
855 2101 925 2176 quid
937 2100 985 2158 rel
998 2097 1081 2155 criti·

171 2216 275 2256 corum
293 2205 428 2254 veterum
446 2189 579 2271 placitis,
608 2195 658 2252 vei
676 2196 813 2253 inscitiae
826 2195 1012 2254 librariorum
1029 2195 1079 2253 dc·

169 2297 285 2355 beatur.
323 2293 364 2352 Et
387 2290 443 2352 hoc
464 2290 582 2371 quidem
593 2295 750 2370 praecipue
763 2295 800 2352 ad
813 2314 860 2352 rcs
874 2297 1079 2373 grammaticas

170 2403 298 2473 spectat:
310 2394 389 2472 quod
402 2413 497 2474 genus
509 2393 642 2471 quamvis
656 2388 814 2473 diligenter
824 2387 954 2452 aWolfio
968 2404 1076 2452 tracta·

173 2503 249 2567 'um‚
275 2504 374 2551 tamen
387 2507 572 2571 nequaquam
585 2493 620 2550 ab
633 2494 685 2550 illo
699 2503 752 2551 aut
763 2491 927 2570 perfectum
940 2501 1002 2565 cat,
1028 2504 1080 2550 aut

172 2593 271 2670 potuit
281 2593 400 2670 perfici,
428 2593 567 2669 quoniam
580 2604 610 2648 et
622 2602 729 2649 natura
743 2592 906 2669 inquietior
919 2603 999 2666 erat,
1024 2608 1079 2650 nec

172 2695 350 2750 severiorem
374 2691 455 2750 illam
478 2687 678 2767 philosophiae
700 2689 846 2750 rationem
858 2693 988 2765 amabat,
1022 2709 1079 2768 qua

172 2808 274 2848 carere
286 2792 390 2868 nequit
403 2795 541 2848 accurata
554 2791 712 2866 explicatio
726 2792 944 2868 grammaticae.

254 2892 322 2949 Alio
347 2888 433 2950 modo
460 2885 586 2948 difficilis
610 2896 658 2947 est
681 2903 782 2947 rcrum
804 2887 1077 2970 geographicarum‚

171 2989 395 3067 historicarum,
422 2999 453 3048 et
470 2988 736 3068 mythologicarum
748 2990 908 3064 expositio:
935 2991 1035 3065 inqua
1047 3009 1078 3046 rc
1185 3005 1192 3050 ,ἰ

173 3093 319 3147 maximus
346 3103 430 3146 error
455 3090 482 3146 is
509 3099 572 3163 cet,
611 3088 638 3146 si
651 3075 717 3165 quie
732 3105 808 3164 quae
822 3083 947 3145 diversis
962 3089 993 3146 in
1009 3091 1079 3148 locis

174 3189 253 3246 dicta
271 3197 358 3263 sunt,
385 3187 565 3247 concordare
583 3185 703 3261 dehere,
729 3202 784 3244 nec
805 3184 970 3264 discrepare
997 3207 1079 3264 posse

177 3290 335 3350 existimat.
389 3287 562 3350 Cuiusmodi
588 3290 784 3350 constantiam
808 3289 856 3347 vel
873 3291 989 3364 si'unua
1004 3301 1079 3348 caect
