2438 3734
372 185 669 250 ΟΔΤΣΣΕΙΑΣ
697 191 799 254 XIV.
1008 193 1076 256 215

176 329 343 419 ρηίδίως,“
322 330 394 405 ωςεί
403 357 436 397 τε
449 327 528 394 κατὰ
542 328 627 415 ῥόον·
642 329 713 395 οίδέ
722 355 769 402 τις
781 322 834 395 οόν
846 355 898 412 μοι

93 434 157 492 255
176 429 253 505 νηῶν
264 422 443 536 πημρίνθη,
435 423 502 486 666'
516 421 664 502 ἀσκηθέες
677 417 728 484 καὶ
741 417 864 485 ἄνουσοι

176 510 293 596 ἥμεθα
306 509 363 586 τδις
377 515 407 577 δ’
421 511 530 594 ίίνεμός
542 537 575 575 τε
581 509 800 623 κυβερνῆταί’
776 536 794 574 τ
818 506 931 575 ἴθυνον.

177 611 343 686 πεμπταῖοι
357 601 385 668 δ’
400 601 598 686 Αίχυπτον’“
574 599 725 684 εδῤῥείτην
739 596 902 682 ἱκόμεσθα·

177 699 275 775 στῆσα
289 694 320 758 δ’
333 693 364 758 ἐν
376 690 524 776 Αίχόπτῳ
539 696 666 772 ποταμῷ
680 690 748 762 νέας
748 688 969 802 ἀμφιελίσσας.

176 781 274 846 66⁸
256 808 323 894 ητοι
335 781 387 866 μὲν
400 784 458 864 ἔχω
443 779 623 863 κελόμην’
608 780 728 891 ερίηρας
741 778 881 864 ἑταίρους

12 911 17 920 =
97 885 160 940 260
175 875 270 938 αὐτοῦ
281 869 345 957 ’πὰρ
359 897 457 956 νηεσφι
470 873 575 954 μένειν,
589 867 640 934 καὶ
653 875 727 952 νῆας
740 869 882 982 ἔρυσθαι·

177 967 315 1046 ὀπτῆρας
329 961 360 1027 66
373 959 453 1028 κατὰ
466 956 595 1033 σκοπιὰς
608 957 726 1044 ὤτρυνα
739 960 869 1025 νέεσθαι.

166 1079 207 1118 οι
201 1052 253 1116 ‘6'
265 1049 348 1164 ὕβρει
362 1051 532 1130 είξαντες,’
516 1049 710 1132 επισπόμενοι
722 1050 805 1132 μένεϊ
814 1053 891 1130 σφῷ,

177 1144 259 1226 αἶψα
271 1139 341 1224 μόλ’
353 1141 532 1226 Αίχυπτίοιν
546 1140 662 1224 ἀνδρῶν
674 1139 905 1224 περικαλλέας’
885 1136 997 1226 αχροδς

177 1233 351 1317 πόρθεον,’
336 1259 368 1298 εκ
382 1234 413 1299 δὲ
427 1241 567 1316 γυναῖκας
581 1227 654 1342 ι’ίχοιχ
667 1227 718 1294 καί
730 1232 822 1312 νήπια
834 1230 933 1304 τέκνα,

102 1331 162 1388 265
177 1347 288 1395 αντους
301 1349 319 1387 τ
317 1322 484 1389 ’ἔκτεινον
497 1347 577 1404 ταχα
591 1321 650 1384 6
635 1345 666 1392 ες
678 1317 794 1384 πόλιν
780 1317 847 1384 ικετ’
863 1322 946 1402 ἀϋτή.

177 1437 206 1476 οι
200 1411 251 1476 66
265 1412 385 1496 βοῆς’
351 1438 476 1488 αιοντες,
489 1409 537 1493 ἅμ’
552 1415 605 1492 606
614 1411 828 1493 φαινομένηφιν

175 1496 288 1583 ίη·λθον
303 1507 398 1584 πλῆτο
413 1501 445 1569 66
457 1506 518 1566 πᾶν
531 1498 634 1566 πεδίον
646 1500 741 1574 πεζόν
754 1525 786 1564 τε
799 1494 849 1564 καὶ
864 1498 970 1575 ἵππων,

174 1596 291 1674 χαλκοῦ
303 1617 335 1657 τι
340 1598 510 1706 n66696666·
525 1591 555 1654 ἐν
569 1587 600 1654 66
612 1586 688 1662 Ζεὺς
700 1589 931 1674 τερπικέραυνος

177 1683 299 1761 φῦζαν
284 1691 366 1765 εμοῖς
379 1680 515 1767 ἔτοίροισι
528 1680 622 1762 κακὴν
634 1679 735 1789 βάλεν,
748 1680 818 1744 0666
828 1704 875 1752 τις
888 1681 957 1762 έτλη

102 1783 161 1838 270
173 1780 270 1853 μεῖναι
284 1772 463 1856 ἐναντίβιον·
478 1766 545 1856 περὶ
558 1767 632 1884 χδιρ
628 1765 707 1834 κακδι
719 1765 903 1834 πάντοθεν”
887 1794 966 1851 εστη.

11 3353 16 3380 6

172 1860 269 1925 ἔνθ’
253 1862 348 1943 ημέιον
361 1857 539 1933 πολλοὺς
505 1885 557 1943 μιν
570 1860 738 1924 ἀπέκτανον
751 1858 816 1936 δξέί
823 1864 937 1942 χαλκῷ,

174 1947 246 2022 τοὺς
260 1948 326 2014 δ”
305 1974 415 2031 αναχον
430 1947 533 2024 ζωοός,
544 1949 646 2064 σφίσιν
660 1946 873 2060 ε’,ρχοίζεσθαι’
854 1948 975 2034 ανοίχκη.

175 2035 272 2124 αὐτὰρ
285 2040 351 2122 έμοι
342 2035 440 2113 Ζεὺς
453 2039 545 2112 αὐτὸς
558 2037 600 2104 ἐνί
614 2036 699 2125 φρεσὶ
713 2043 804 2106 τοῦτο
817 2038 913 2121 νόημα

173 2128 310 2211 ποιήσ’-
286 2129 364 2203 -οός
377 2128 487 2212 ὄφελον
500 2131 620 2195 θανέειν
633 2126 683 2196 καὶ
696 2130 812 2213 πότμον
825 2129 958 2195 ἐπισπεῖν

103 2229 159 2288 275
172 2221 264 2285 αὐτοῦ
277 2221 309 2285 έν
320 2220 487 2304 Αίχίπτῳλ
500 2217 593 2284 ἔπε’
556 2247 613 2306 χαρ
625 2216 660 2286 νό
672 2247 708 2304 με
720 2226 783 2305 πῆμ
780 2219 945 2286 ’ὑπέδεκτο
958 2253 981 2266 ··

175 2309 268 2374 αὐτίκ’
284 2309 346 2377 ἀπὸ
360 2309 471 2395 κρατὸς
485 2311 588 2392 κυνέην
600 2309 741 2379 εὔτυκτον
752 2313 861 2395 ίθηκα,

172 2395 224 2464 καὶ
237 2396 331 2474 σοίκος
343 2399 462 2484 οόμοιϊν·
476 2401 549 2484 δόρυ
563 2399 591 2465 δ’
607 2401 734 2485 ἔκβαλον
747 2403 849 2467 ίκτοσε
861 2401 975 2486 χειρός·

174 2487 271 2602 αὐτὰρ
285 2487 341 2573 ίχδι
353 2495 498 2575 βασιλῆος
512 2491 645 2554 ἐναντίον
651 2489 772 2602 ἤλυθον
786 2489 893 2563 ἵππων,

173 2576 224 2643 καὶ
237 2580 314 2645 κόσα
327 2577 452 2696 γούναθ’
465 2580 582 2644 ίλοόν·
569 2607 585 2643 ο
599 2581 631 2642 δ’
644 2577 782 2661 ε’ρόσατυ,
796 2603 847 2641 και
860 2605 882 2659 μ
882 2578 1036 2660 Ηίλεησεν·

107 2668 188 2734 280³
174 2694 204 2740 ις
217 2669 325 2754 δίφρον
338 2671 412 2734 66’
381 2697 403 2752 μ
424 2669 497 2742 έσιις
510 2667 579 2778 ίίχεν
593 2664 695 2731 οίκαδε
708 2667 918 2751 δακρυχέοντα.

174 2751 191 2838 6
203 2759 255 2841 μέν
267 2785 319 2842 μοι
331 2759 414 2842 μοίλα
427 2753 563 2823 πολλοὶ’
547 2758 687 2837 επήΐσσον
698 2756 839 2838 μελίησιν,

174 2847 281 2959 ίέμενρι
294 2858 441 2914 κτεῖναι·
455 2847 489 2930 66
503 2843 558 2930 χδιρ
571 2842 741 2926 κεχολώατο
755 2845 857 2928 λίην-

173 2938 271 3002 ιίλλ”
254 2938 315 3004 απὸ
329 2949 424 3012 κεῖνος
437 2938 529 3021 ἔρυκε,
541 2934 616 3008 Διος
629 2936 659 2998 δ
673 2932 849 3044 ιδπίζετρ
810 2958 895 3017 μηνιν

174 3025 322 3103 ξεινίου,
305 3053 373 3101 οςτε
384 3025 518 3112 μάλιστα
530 3028 709 3137 νεμεσσᾶται
722 3050 802 3089 κακα
788 3020 896 3136 ίρχα

110 3123 161 3180 265
173 3114 296 3181 ίνθα
261 3143 314 3200 μιν
327 3117 470 3189 ἑπτάετες
482 3116 570 3199 μένον
583 3114 705 3190 αὐτόθι,
717 3110 817 3182 πολλὰ
830 3109 896 3176 δ’
874 3137 978 3198 αχειρα

171 3207 295 3290 χρήματ’
311 3207 349 3272 ιίν
349 3206 558 3289 Ἀἰγυπτίους
572 3202 697 3290 ἄνδρας·
712 3205 833 3271 δίδοσαν
836 3200 901 3316 χόιρ
915 3200 1052 3280 ἅπαντας.

158 3293 270 3360 '⁰666'
252 3323 304 3364 οτε
316 3297 352 3381 66
364 3294 471 3380 ὄγδοόν
482 3323 534 3380 μοι
547 3297 742 3380 ἐπιπλόμενον
754 3296 822 3372 ίτος
834 3287 936 3378 ἦλθεν,
