2382 3732
341 239 409 308 ΒΑ
419 239 695 305 ΤΡΑΧΟΜἹὍ
702 237 890 304 ΜΑΧΙΑ.
1037 239 1103 302 379

125 378 129 383 ’
205 410 239 449 ον
232 381 323 448 ’δέδι’
337 379 510 468 ἄνθρωπον,
525 379 684 465 καίπερ’
644 384 817 464 μεχασῶμοι
831 381 997 461 6000sz-

153 484 189 544 45
203 475 298 537 ἀλλ”
283 501 332 537 επι
323 469 510 554 λέκτρον”
483 498 533 536 ιων
546 471 724 582 κατριδηὶκνω
739 467 919 535 δόκτνλον”
899 496 1000 555 ακρον,

203 559 253 628 καί
267 564 394 673 πτέρνης
406 561 549 675 λμβόμην,
562 558 613 626 καὶ
627 561 661 625 ού
675 561 768 634 πόνος
781 557 903 644 ἅνδρα”
890 585 996 635 ικανεν,

202 653 373 762 νήδυμος’
342 679 394 716 ονκ
408 653 570 734 ἀπέφευγεν
583 649 685 726 όπνος,
699 648 890 740 δόκνοντος’
875 675 963 731 εμειο.

202 739 280 808 οἶλλολ
294 741 354 807 δύω
367 739 488 807 πόντων
501 743 665 827 περιδείδια
678 746 780 807 πᾶσαν
794 742 830 805 ἐπ
832 741 934 814 ἀίων,

201 831 303 943 κίρκον
316 859 366 898 και
357 829 542 916 χαλέην,’
509 858 537 896 οι
549 859 601 914 μοι
613 832 687 916 μέχα
700 829 849 904 πένόος’
828 855 959 913 αχονσιν,

151 933 188 988 50
202 950 252 988 και
244 919 380 1007 παχίδα
393 924 582 996 στονόεσσαν,
597 919 673 986 ὅπου
688 922 803 995 δολόεις
816 922 885 986 πέλε
898 923 1028 1007 πότμος·
1050 990 1054 993 ,

200 1018 341 1078 πλεῖστον
355 1014 390 1096 δὴ
404 1013 509 1096 χαλέην
521 1011 694 1097 περιδείδια,
709 1009 774 1094 ἥτις
787 1010 904 1097 οίρέστη,
1000 1061 1002 1068 .

199 1100 218 1186 6
232 1100 283 1169 καί
296 1100 522 1191 τρωχλοδύοντα
535 1099 614 1168 κατὰ
627 1103 759 1189 τροόχλην
772 1101 898 1187 ε’ρεείνει.

201 1284 236 1346 ού
249 1281 353 1368 τρέχω
367 1283 515 1367 ῥαφόνας,
530 1285 565 1346 ού
577 1283 725 1368 κράμβας,
739 1285 773 1347 ⁰6
787 1283 985 1356 κολοκύντας·

201 1371 271 1438 οὐδὲ
282 1373 412 1458 πρόσοις
424 1378 560 1458 χλοεραῖς
574 1373 781 1456 ε’πιβόσκομαι,
796 1371 863 1437 οὐδὲ
876 1372 1018 1446 σελίνοις·

151 1471 187 1526 55
200 1467 300 1526 ταῦτα
313 1458 369 1547 χόιρ
383 1463 496 1548 ὑμέτερ’
511 1459 591 1526 ἐστὶν
604 1463 754 1545 ἐδέσματα
767 1466 826 1527 τῶν
839 1458 918 1526 κατὰ
932 1463 1042 1545 λίμνην.
1089 1485 1092 1490 ·

247 1553 334 1636 Πρὸς
347 1553 419 1616 τάδε
431 1555 573 1635 μειδήσας
589 1552 784 1635 (Ιωσίχναθος
797 1552 900 1616 ἀντίον
913 1550 1003 1636 ηύδα·

144 1635 148 1648 ’
199 1643 284 1720 ξεῖνε,
297 1643 362 1725 λίην
375 1643 474 1726 αὐχεῖς
486 1640 535 1706 ἐπὶ
549 1645 684 1756 χαστέρι·
698 1643 760 1708 έστι
774 1639 824 1706 καὶ
838 1647 905 1724 ἡμῖν

199 1729 301 1798 πολλοὶ
313 1729 411 1817 μόλ”
397 1760 427 1797 εν
440 1734 524 1816 λίμνη
538 1729 588 1797 καλ
602 1734 650 1797 ε’πι
642 1728 754 1817 χθονί
767 1733 902 1815 θαύματ’
917 1731 1048 1808 ἰδέσθαι,

201 1819 390 1908 ἀμφίβιον
358 1850 413 1910 χωρ
427 1824 518 1932 έδωκε
529 1823 620 1905 νομὴν
633 1819 811 1934 χδατρολχοισι
823 1822 977 1906 Κρονίων,

150 1923 186 1978 60
199 1919 356 1996 σκιρτῆσαι
370 1909 449 1978 κατὰ
463 1919 523 1996 γῆν,
537 1910 587 1979 καὶ
601 1914 646 1994 ἐφ’
662 1910 750 1978 όδασι
764 1917 849 1996 σῶμα
862 1913 1030 1997 καλύψαι.-

200 1995 385 2086 [στοιχείοις
386 2012 499 2114 διττρῖς
510 2004 706 2088 μεμερισμένα
720 2002 846 2085 δώματα
858 2001 972 2082 ναίειν]

201 2120 227 2158 ει
222 2093 271 2158 ’δ’
284 2094 399 2167 έδελεις
412 2091 462 2158 καὶ
475 2100 573 2159 ταῦτα
587 2093 782 2207 δαήμεναι,’
754 2094 868 2179 ενχερές
881 2094 969 2159 ἐστιν.

199 2185 286 2268 βαῖνέ
294 2210 345 2267 μοι
360 2186 390 2250 ἐν
403 2185 534 2260 νώτοισι,
548 2183 651 2270 κράτει
665 2185 699 2250 δέ
708 2209 754 2268 με,
766 2187 866 2268 μήποτ
867 2183 986 2268 ’όληαι,

199 2270 305 2347 ὅππως
313 2275 497 2390 χηδχόσονος
497 2275 551 2341 τὸν
564 2275 634 2358 ε’μὸν
648 2275 740 2357 δόμον
754 2275 932 2358 εἰςαφίκηαι.

148 2373 184 2430 65
236 2361 328 2438 Ως
307 2392 345 2452 αο
369 2391 434 2449 εφη,
448 2393 497 2430 και
510 2393 571 2431 νωτ
570 2368 705 2431 ἐ’δίδον·
719 2367 781 2430 ὁδ’
795 2366 891 2450 βαινε
905 2389 1043 2448 ταχιστα,

198 2465 299 2564 χεῖρας
311 2455 386 2563 έχων
398 2467 557 2566 τρνφεροῖο
571 2459 637 2521 κατ’
651 2457 783 2539 αὐχένος,
798 2453 909 2538 ἅλματι
923 2456 1035 2538 κούφῳ.

199 2540 249 2608 καὶ
262 2548 382 2628 πρῶτον
394 2543 447 2628 μὲν
460 2543 615 2630 έχαιρεν,“
598 2572 633 2610 οτ
632 2545 762 2630 έ’βλεπε
774 2541 1042 2656 χείτοναςόρμους,

198 2635 275 2743 νηξει
289 2634 469 2718 τερπόμενος
484 2636 693 2719 ψνσιχνόιθον·
708 2632 805 2700 αλλ”
788 2662 838 2701 ατε
851 2636 913 2720 δη
899 2663 940 2722 ρα

198 2721 307 2806 κόμασι
320 2725 504 2835 πορφυρέοις
518 2725 703 2800 ε’πεκλύζετο,
715 2724 816 2790 πολλὰ
821 2725 972 2838 δακρύων,

151 2827 185 2878 70
199 2811 348 2924 ἄχρηστον
360 2815 521 2897 μετάνοιαν
535 2815 705 2928 ἐμέμφετο,
704 2816 786 2881 τίλλε
798 2815 830 2881 δὲ
842 2817 960 2899 χαίτας,

199 2931 249 2968 και
241 2901 389 2978 πόδας’
373 2928 518 3016 εσιχιχχεν
520 2902 599 2969 κατὰ
612 2906 774 2991 χαστέρος·
785 2907 815 2970 ἐν
828 2905 901 2971 δέ
873 2931 900 2970 οι
914 2901 987 2990 ι’χτορ

199 2993 322 3060 πάλλετ’
337 2995 455 3078 οἰηθείη,
469 2992 519 3060 καὶ
533 2996 581 3059 έπι
573 2991 695 3078 χθόνα
707 2995 831 3086 βούλεθ’
845 2996 980 3062 ἱκέσύιιι·

201 3080 282 3148 δεινὰ
296 3086 326 3148 δ’
339 3083 552 3169 ἐπεστενάχιζε,
565 3086 662 3171 φόβον
675 3088 831 3172 κρυόεντος
844 3086 965 3172 ἀνάγκη.

203 3262 291 3372 ούρην
304 3268 402 3378 6666
415 3263 579 3349 ἦπλωσεν’
563 3292 602 3350 εφ
604 3266 785 3342 ’ύδασιν,”
751 3295 820 3350 ηντε
833 3269 932 3380 ηιιόπηκ

154 3362 189 3417 75
202 3349 307 3438 σύρων,
321 3355 475 3439 εὐχόμενός
488 3383 521 3424 τε
534 3361 647 3434 θεοῖς’
631 3356 679 3424 επλ
693 3368 783 3442 μαῖαν
796 3357 927 3431 ἱκέσθαι,

790 3455 820 3507 li
839 3453 858 3506 2
