2410 3728
326 651 791 751 PRAEFATIO

95 850 1021 940 GODOFREDIHERMANNL

473 1043 644 1061 *-

94 1165 187 1246 Dixi
201 1179 233 1235 in
246 1174 434 1251 praefatione
447 1174 485 1232 ad
496 1173 634 1243 Iliadem,
648 1171 798 1247 quomodo
812 1172 958 1252 legendus
974 1192 1021 1229 es·

2 1291 4 1306 ’
97 1289 146 1336 set
159 1275 331 1345 Homerus,
372 1273 400 1330 si
426 1273 493 1348 quis
512 1269 649 1328 idoneam
663 1288 777 1326 cumea
792 1269 1022 1326 familiaritatem

96 1380 189 1437 vcllct
204 1369 392 1431 contrahere.
432 1367 521 1428 Nunc
533 1369 636 1445 paucis
650 1367 806 1441 indicabo,
833 1389 892 1446 qua
906 1371 1022 1426 rationo

97 1474 262 1554 procedere
280 1471 423 1543 debeant,
461 1469 600 1545 quicum
622 1472 792 1528 accuratius
818 1473 1021 1548 pervestigare

56 1621 61 1630 .
99 1587 130 1634 et
156 1595 246 1650 quam
271 1569 518 1650 perfectissimam
546 1569 603 1626 sibi
623 1571 687 1651 eius
703 1572 906 1649 cognitionem
918 1589 1022 1645 parare

1 1666 10 1694 ¹'
98 1679 233 1752 cupiunt.
273 1671 309 1730 ln
335 1689 395 1746 quo
409 1687 520 1749 genere
534 1667 596 1725 dux
611 1677 641 1726 et
654 1671 781 1750 signifer
796 1671 913 1726 exstitit
925 1669 974 1726 Fr.
987 1669 1022 1727 Α.

100 1773 247 1845 Wolfius,
273 1771 321 1829 vir
340 1771 464 1850 ingenio
484 1767 680 1844 doctrinaque
695 1771 841 1840 eximius,
865 1789 952 1844 quem
965 1788 1022 1826 nu·

100 1893 156 1950 per
167 1871 332 1943 Massiliae,
374 1889 434 1947 quo
458 1890 491 1929 se
517 1869 697 1926 reficiendae
720 1868 902 1926 valetudinis
918 1886 1024 1925 caussa

102 1973 288 2043 contuierat,
327 1988 496 2045 supremum
521 1968 600 2026 diem
627 1967 736 2024 obiisse
761 1986 823 2025 non
837 1968 901 2025 sine
915 1986 1024 2048 magno

101 2072 207 2128 dolore
220 2070 395 2145 accepimus.
417 2071 476 2137 Qui
490 2070 517 2126 si
531 2088 594 2126 non
608 2070 681 2126 satis
691 2065 844 2127 habuisset
856 2079 1024 2127 monstrare

99 2175 195 2245 viam,
224 2177 255 2226 ct
268 2171 353 2246 quasi
367 2169 479 2226 aditum
491 2168 660 2245 patefacere
673 2169 710 2226 ad
723 2170 869 2226 interiora
884 2179 914 2226 ct
927 2172 1022 2250 magis

46 2275 52 2286 '
101 2269 275 2343 recondita,
314 2269 368 2326 sed
380 2279 433 2327 aut
444 2269 621 2346 perfecisset
635 2267 714 2345 quod
727 2267 935 2342 inchoaverat,
971 2279 1025 2326 aut

102 2354 207 2428 saltem
220 2371 342 2448 longius
355 2378 553 2445 persequutus
568 2378 662 2428 esset:
677 2387 739 2427 non
753 2369 941 2426 exstitissent
953 2371 1023 2427 vani

103 2471 225 2547 quidam
243 2479 333 2546 atque
347 2471 441 2545 inepti
453 2467 605 2544 homines,
641 2471 694 2547 qui
705 2472 754 2527 vel
764 2471 796 2526 in
810 2469 1025 2527 dubitationem

102 2579 247 2628 vocarent
272 2587 323 2641 ca,
363 2587 490 2644 quorum
516 2588 638 2628 caussas
658 2573 851 2645 rationesque
864 2589 926 2626 non
939 2579 1025 2626 crant

104 2669 273 2744 assequuti‚
311 2670 361 2724 vel
374 2669 450 2725 male
465 2669 618 2725 intellecta
630 2669 689 2726 riri
703 2671 810 2727 summi
823 2670 972 2726 sententia
985 2669 1023 2724 ad

103 2786 243 2844 perversa
267 2768 473 2825 abuterentur.
513 2766 601 2827 Nunc
621 2787 684 2825 non
696 2769 818 2825 minima
830 2788 898 2845 pars
913 2770 1023 2826 laboris

103 2869 219 2944 reliqua
233 2877 287 2924 est.
312 2868 356 2926 Ac
371 2877 507 2926 versatur
521 2886 555 2925 ea
568 2865 613 2924 his
628 2871 660 2925 in
673 2868 776 2926 rebus:
802 2867 835 2924 in
849 2869 1022 2944 explicatio-

105 2983 142 3023 ne
155 2975 246 3041 atque
261 2967 468 3025 emendatione
481 2969 690 3048 grammatica3
722 2969 755 3025 in
769 2967 919 3024 solutione
933 2985 1023 3042 quae·

106 3066 238 3122 stionum
250 3065 533 3146 geographicarum,
555 3067 782 3139 historicarum,
807 3064 1022 3144 mythologice-

108 3178 188 3236 rum3
214 3164 247 3222 in
261 3163 476 3225 diiudicatione
490 3188 580 3246 quum
590 3167 833 3245 rhapsodiam,
852 3175 916 3223 tum
930 3167 1025 3238 inter·

109 3264 303 3339 poletionum.
342 3265 460 3326 Horum
479 3270 611 3326 omnium
629 3265 704 3324 nihil
719 3275 780 3338 est,
807 3259 899 3340 'quod
912 3283 973 3321 non
987 3265 1027 3320 sit

8 3369 9 3376 ’
109 3364 242 3435 piurimis
267 3375 298 3424 et
323 3368 461 3426 maximis
486 3366 721 3426 dubitationibus
736 3363 914 3431 obnoxium,
956 3363 1025 3433 quia
