2436 3728
170 191 236 254 352
472 190 767 253 ΟΑΤΣΣΕΙΑΣ
793 197 834 254 Ψ.

170 333 273 397 115
239 355 289 394 νυν
302 325 365 393 δ”
347 353 414 394 οττι
426 325 544 412 ῥυπόω,
568 325 647 394 κακὰ
660 327 692 394 δέ
703 327 776 413 χροῒ
784 327 892 412 εἵματα
905 329 995 416 εἷμαι,

238 417 343 484 τούνειι
343 418 498 503 ’ἀτιμάζει
511 443 556 501 με,
569 415 619 484 καὶ
634 418 717 484 ούπω
731 414 802 530 φησὶ
816 419 869 483 τὸν
882 422 966 486 εἶναι.

238 511 320 592 ἡμείς
333 505 364 575 66
377 506 591 624 φραζώμεθ’,
574 535 655 582 οπως
668 507 711 592 ὄχ’
725 507 836 593 ἄριστα
849 509 975 591 γένηται

239 595 289 662 καὶ
301 594 358 714 γάρ
371 625 418 672 τις
430 599 495 662 θ
477 624 529 663 ενα
542 604 630 680 φῶτα
642 598 839 671 κατακτείνας
853 600 895 665 ἐνι
887 596 1003 683 θὴμφ,

240 681 263 768 ἡ
275 715 314 771 μη
301 683 435 753 πολλοὶ
448 688 567 752 ἐασιν’
547 695 730 799 αοσσητὴρες
742 688 867 763 ὀπίσσω,

172 788 227 844 100
240 774 348 892 φεύγει,
362 774 456 892 πηούς
470 804 502 843 τε
515 776 669 892 προλιηιῶν
682 805 731 844 και
723 775 886 892 πατρίθμ
890 788 994 859 γαῖαν·

240 870 322 952 ἡμεῖς
335 867 397 931 δ”
379 893 454 952 ερμα
467 867 613 976 ηόληος’
594 870 770 950 απέιιταμεν,
784 867 812 932 οἳ
825 868 886 950 μέγ’
900 866 1022 952 ἄριστοι

240 954 355 1038 κούρων
367 957 409 1022 είν
422 953 539 1040 Ἰθάκη·
554 955 626 1024 τάδε
639 982 673 1023 σε
686 954 892 1042 φρόζεσθαι’
871 982 980 1039 ανωγα.

286 1045 391 1111 Τὸνο’
405 1073 443 1110 av
428 1041 633 1155 ’Τηλέμαχος
646 1048 827 1129 πεπεμμένος
840 1045 941 1112 ἀντίον
955 1045 1048 1157 ημθμ

240 1133 332 1207 αὐτὸς
344 1131 442 1200 ταῦτά
454 1161 485 1218 γε
498 1140 610 1210 λεῦσσε,
624 1135 718 1222 πιίτερ
732 1134 814 1217 φίλε·
829 1135 882 1218 σὴν
894 1132 949 1219 γὰρ
963 1134 1094 1245 ηἰρίστηυ

54 1309 61 1319 ¹
173 1234 225 1292 125
238 1228 325 1305 μὴτιν
338 1223 375 1288 ἐπ
376 1224 581 1310 ’ἀνθρώπους
594 1227 666 1307 φόσ’
679 1227 808 1308 ἐμμεναι,
822 1226 892 1290 ούθέ
902 1226 937 1290 κέ
947 1225 993 1298 τίς
1006 1251 1057 1290 τοι

240 1311 333 1386 ἄλλος
346 1312 419 1395 οἷνὴρ
433 1313 538 1398 ἐρίσειε
551 1320 752 1395 καταθνητῶν
766 1314 944 1396 ἀνθρώπων.

240 1403 339 1486 [ἡμεῖς
352 1403 380 1468 θ’
397 1404 586 1488 ἐμμεμαῶτες
599 1401 649 1487 ἅμ’
663 1401 803 1488 ἑψόμεθ’,
816 1401 887 1466 ούθέ
897 1402 930 1466 τί
940 1426 1012 1484 φημι

240 1492 334 1574 ἀλκῆς
346 1495 535 1575 δευήσεσθαι,
550 1490 604 1575 όση
618 1492 740 1575 δύναμίς
753 1517 784 1574 γε
797 1488 966 1576 πάρεστιν]

286 1581 348 1648 Τόν
360 1581 388 1648 θ’
398 1583 635 1668 ἀπαμειβόμενος
646 1583 778 1668 προςέφη
791 1578 955 1664 πολύμητις
963 1581 1136 1659 Ὀδυσσεύς·

173 1684 226 1740 130
240 1669 345 1756 τοιγὰρ
358 1670 431 1757 ἐγῶν
443 1674 524 1759 ἐρέω,
538 1669 578 1745 ῶς
591 1699 643 1756 μοι
656 1679 741 1738 δοκεῖ
749 1675 824 1740 εἶναι
838 1670 956 1757 ἄριστα.

240 1768 346 1848 πρῶτα
358 1763 411 1846 μὲν
425 1761 463 1849 ἂρ
477 1760 640 1838 λούσασθε,
653 1759 704 1828 καὶ
717 1761 908 1846 ἀμφιέσασθε
920 1765 1058 1844 χιτῶνας,

241 1849 343 1936 δμωὰς
356 1854 385 1918 δ’
401 1854 432 1918 ἐν
445 1850 616 1938 μεγάροισιν
628 1850 755 1936 ιένῶγετε
768 1851 868 1935 εἵμαθ’
882 1853 1020 1924 ἑλέσθαι·

242 1939 338 2025 αὐτὰρ
350 1951 437 2016 θεῖος
450 1942 563 2018 ἀοιδὸς,
576 1944 650 2026 ἔχων
663 1944 811 2026 φόρμιγγα
823 1941 943 2026 λίγειαν,

240 2036 307 2114 ἡμῖν
320 2032 449 2114 ἡγείσθω
463 2032 701 2114 φιλοπαίγμονος
714 2036 891 2116 ὀρχηθμοῖο,

175 2132 226 2187 135
241 2118 281 2192 ῶς
295 2123 343 2184 κέν
356 2147 403 2194 τις
417 2121 490 2201 φαίη
504 2118 598 2202 γάμον
611 2122 741 2202 έμμεναι,
755 2121 842 2192 ἐκτός
855 2121 982 2197 ἀκούων,

242 2206 259 2288 ἡ
273 2208 315 2270 ἀν’
332 2207 401 2272 ὁδόν
415 2207 548 2288 στείχων,
562 2205 579 2290 ἡ
593 2207 623 2271 οἳ
636 2206 905 2291 περιναιετάουσιν·

241 2294 279 2376 μὴ
292 2296 410 2379 πρόσθε
423 2295 509 2368 κλεός
522 2293 590 2379 εὐρύ
603 2296 696 2374 φόνου
709 2293 788 2359 κατὰ
801 2294 877 2360 ἄστυ
890 2298 1009 2381 γένηται

243 2386 360 2496 ἀνδρῶν
370 2385 552 2467 μνηστήρων,
564 2384 633 2468 πρίν
646 2386 670 2466 γ’
684 2385 776 2467 ἡμέας
790 2385 917 2472 ἐλθέμεν
931 2389 986 2466 ἔξω

242 2472 331 2556 ιἰγρὸν
345 2473 376 2546 ἐς
389 2474 530 2556 ἡμέτερον
542 2476 771 2558 πολυδένδρεον·
786 2477 937 2544 ἐνθαο”
921 2507 1023 2546 επειτα

175 2571 228 2630 140
242 2565 440 2680 φρασσόμεθ’,
453 2560 529 2639 ό,ττι
542 2591 574 2630 κε
587 2566 691 2650 κέρδος
701 2562 860 2650 Ὀλύμπιος
874 2570 1034 2654 ἐγγυαλίξῃ.

281 2649 366 2726 Ως
350 2656 452 2736 εφαθ
467 2654 534 2719 οἷδ’
541 2653 911 2741 ῶρατούμιίλαμένκλύον,
924 2659 972 2738 ἡδ’
979 2655 1136 2723 ἐπίθοντο.

242 2746 348 2827 πρῶτα
360 2742 412 2826 μὲν
426 2770 478 2808 ουν
490 2744 647 2820 λούσαντο,
661 2743 712 2812 καὶ
726 2751 908 2831 αμφιέσαντο
922 2746 1063 2826 χιτῶνας·

243 2830 391 2900 ὅπλισθεν
404 2831 436 2898 δὲ
449 2843 597 2917 γυναῖκες·
611 2863 627 2900 ο
616 2837 673 2900 ε’θ
687 2836 780 2902 είλετο
793 2845 878 2905 θεῖος
891 2831 994 2904 ἀοιδὸς

244 2924 392 3008 φόρμιγγα
405 2925 619 3035 γλαφυρὴν,’
579 2951 609 2990 εν
622 2925 657 2990 δέ
668 2950 770 3007 σφισιν
783 2923 881 3008 ἵμερον
894 2917 986 3006 ὦρσεν

80 3037 83 3046 “
177 3023 230 3081 145
243 3019 361 3098 μολπῆς
372 3039 405 3079 τε
417 3018 557 3127 χλυκερὴς
569 3010 619 3078 καὶ
633 3015 784 3124 ρίμύμονος
797 3017 970 3095 ὀρχηθμοιο

243 3129 338 3170 τοισιν
351 3102 383 3169 δὲ
394 3105 469 3187 μέγα
482 3109 564 3185 θῶμα
577 3097 830 3186 περιστεναχίζετο
844 3100 953 3168 ποσσὶν

244 3193 358 3304 ἀνδρῶν
370 3194 546 3267 παιζόντων,
559 3189 746 3264 καλλιζῶνων
758 3219 791 3258 τε
804 3199 957 3276 γυναικῶν.

244 3276 300 3345 ὦδε
314 3283 348 3348 δέ
359 3307 406 3354 τις
419 3279 542 3354 εἴπεσκε,
557 3278 683 3360 θόμων’
666 3283 843 3348 εκτοσθεν’
826 3281 954 3350 ακούοον·
1039 3287 1044 3294 ’
