2410 3728
173 161 214 224 10
470 163 767 225 ΟΛΤΣΣΕῘΑΣ
792 163 836 227 A.

238 298 336 365 πολλὰ
348 297 458 384 μάλ’,
441 326 516 368 οσοα
530 302 605 369 ἐοικε
618 302 735 390 φίλης’
719 329 768 366 επι
760 297 893 376 παιδός
904 303 1040 372 ἐπεσδαι.

237 388 284 456 σοὶ
299 394 329 456 δ’
343 394 425 504 6666
438 397 566 465 πυκινῶς
579 389 783 476 ὑποθήσομαι,
797 387 833 458 αί
842 419 874 457 κε
887 393 1013 478 πίθηαι·

166 487 270 548 280
236 483 284 564 νη’
298 478 394 566 άρσας
408 483 537 566 ἐρέτῃσιν
550 483 680 558 ἐείκοσιν,
695 477 759 566 ἥτις
773 482 891 566 ἀρίστη,

236 571 318 656 ἔρχεο
332 573 510 683 πευσόμενος
522 571 639 657 πατρὸς
651 571 749 655 δὴν’
718 572 899 656 οιχομένοιο

235 658 271 774 66
283 661 329 734 τίς
342 687 390 726 τοι
404 660 500 742 είπῃσι
513 657 668 748 βροτῶν,“
651 690 669 745 η
683 660 776 728 ὄσσαν
790 659 919 747 ἀκούσῃς

236 751 269 816 ἐκ
282 748 396 826 Διός,
378 778 435 864 ητε
439 752 571 835 μάλιστα
585 752 666 837 φέρει
679 755 765 826 κλέος
779 752 995 837 ἀνθρώποισιν.

236 846 342 924 πρῶτα
354 839 406 923 μέν
419 843 451 914 ἐς
462 843 565 906 Πύλον
578 843 660 916 ἐλθέ,
674 840 724 908 καὶ
737 841 813 928 είρεο
827 845 969 926 Νέστορα
982 850 1061 910 6666·

165 939 222 997 685
237 940 336 995 κεῖθεν
350 929 381 994 66
392 931 574 1044 Σπάρτηνδε
586 957 670 1014 παρα
657 924 798 1008 ξάνδδν
811 935 980 998 Μενέλωαον

236 1017 270 1093 ὃς
283 1013 340 1106 χάρ
352 1020 495 1094 δεύτατος
508 1017 600 1105 ἢλθεν
611 1017 738 1132 ΙᾹχαιέιν
750 1022 987 1135 χαλκοχιτώνων

236 1109 264 1174 εἰ
273 1111 326 1192 μέν
339 1137 387 1175 κεν
400 1111 516 1197 πατρὸς
528 1111 631 1197 βίοτον
644 1108 693 1176 καί
707 1112 814 1177 νόστον
826 1110 966 1195 ἀκούσῃς,

236 1195 253 1282 6
267 1199 290 1264 τ’
307 1195 353 1276 ἀν,
367 1202 544 1287 τρυχόμενός
557 1227 622 1286 περ,
636 1201 680 1266 ἔτι
685 1202 825 1284 ,τλαίης’
811 1203 961 1268 ενιαοτόν

236 1314 261 1353 ει
256 1289 310 1354 ’δέ
320 1317 352 1356 κε
364 1293 570 1376 τεθνηῶτος’
551 1291 688 1372 ακούσῃς,
700 1292 802 1375 μηδ”
787 1294 827 1356 ετ’
841 1293 955 1367 ἐόντος,

165 1389 223 1447 690
236 1382 385 1461 νοστήσας
398 1383 462 1464 66st
446 1409 549 1446 επειτα
563 1381 679 1494 φίλην’
664 1408 694 1454 ες
707 1380 840 1465 πατρίδα
853 1391 950 1464 μαῖαν,

238 1463 317 1553 σῆμά
331 1471 367 1534 τέ
377 1471 406 1533 οἱ
418 1477 510 1553 χεῦαι,
524 1467 574 1534 καὶ
588 1467 636 1534 ἐπὶ
650 1472 755 1582 κτέρεα
767 1472 912 1555 κτερεΐξαι

236 1555 335 1668 πολλά
347 1556 456 1674 μάλ’,
439 1581 516 1622 οσσα
529 1560 615 1632 έοικε,
628 1555 678 1622 καὶ
692 1561 772 1644 ἀνέρι
784 1560 905 1672 μητέρα
912 1565 1023 1626 δοῦναι.

237 1647 333 1733 αύτύιρ
343 1649 419 1732 ἐπέην
433 1649 468 1730 δὴ
481 1653 578 1714 ταῦτα
590 1651 766 1762 τελευτήσῃς
779 1675 811 1714 τε
825 1675 874 1712 και
888 1647 982 1756 ἔρξῃς,

237 1737 408 1850 φράζεσθαι
422 1733 486 1822 δίχ’
470 1759 574 1804 επειτα·
587 1736 664 1804 κατὰ
678 1739 773 1824 φρένα
786 1734 835 1803 καὶ
849 1735 927 1804 κατὰ
940 1737 1049 1818 θυμόν,

149 1826 252 1899 ,295
236 1856 341 1903 οππως
354 1857 386 1896 κε
383 1835 567 1946 μνηστῆρας
580 1827 621 1894 666
633 1826 788 1916 μεγάροισι
801 1839 910 1897 τεοῖσιν

237 1920 360 2029 κτείνῃς,
375 1925 406 2002 ἦε
397 1920 506 2000 δόλφ
512 1948 529 2004 η
544 1921 698 2033 ἀμφαδόν·
713 1919 827 1986 ούδέ’
794 1948 823 1986 τι
838 1944 870 1986 σε
883 1915 938 2006 χρίη

237 2007 366 2090 νηπιάας
380 2011 481 2092 ὀχέειν,
495 2006 558 2072 ἐπεὶ
574 2011 671 2075 οὐκέτι
685 2007 833 2104 τηλι”κος
818 2012 889 2076 εσσί.

236 2094 254 2181 6
269 2099 321 2162 ούκ
335 2097 417 2172 ἀίεις,
433 2096 495 2162 οἷον
508 2099 594 2170 κλέος
607 2097 716 2182 ἔλλαβε
728 2107 790 2171 δῖος
803 2101 936 2182 Ὀρέστης

236 2183 354 2260 πάντας
368 2187 413 2252 ἐπ’
427 2182 618 2270 ἀνθρώπους,
632 2184 694 2250 ἐπεὶ
708 2187 811 2252 ἔκτανε
823 2188 1031 2268 πατροφονῆα,

166 2288 221 2344 300
234 2274 389 2358 Αἴγισθον
403 2277 570 2360 δολόμητιν,
584 2273 618 2350 ός
632 2276 660 2340 οἱ
674 2277 790 2360 πατέρα
803 2275 909 2340 κλυτὸν
922 2276 1012 2351 έκτα,·

235 2363 286 2431 καὶ
300 2363 344 2441 σὺ,
359 2368 482 2482 φίλρς-
493 2364 577 2449 μάλα
591 2365 646 2451 χάρ
660 2369 686 2430 π’
700 2366 776 2451 ὁρόω
790 2365 884 2430 καλόν
896 2393 928 2432 τε
939 2367 1030 2450 μέχαν
1043 2392 1076 2432 τε
1088 2403 1112 2417 ·-

236 2454 389 2571 άλκιμος”
373 2460 443 2531 εσσ’,
457 2455 503 2522 ἵνα
517 2457 563 2529 τίς
576 2482 608 2521 σε
621 2452 671 2520 καὶ
685 2457 833 2540 ὀψιγόνων
846 2451 878 2520 εύ
891 2455 966 2540 εἴπῃ.

169 2615 172 2620 ,
236 2543 332 2629 αύτόιρ
346 2545 418 2630 ἐγὼν
432 2506 480 2612 ἐπὶ
493 2551 548 2629 νῆα
563 2547 639 2630 δοίην
653 2541 867 2630 κατελεύσομαι
881 2544 934 2632 ἢδη

234 2636 313 2718 66*
299 2633 434 2722 ετάροος,
448 2633 479 2702 σί
488 2634 546 2701 πού
558 2663 594 2720 με
606 2635 675 2746 μάλ’
689 2636 865 2719 ἀσχαλόωσι
875 2637 1026 2721 μένοντες·

162 2735 218 2795 805
232 2752 280 2792 σοι
271 2722 321 2791 δ’
338 2728 421 2806 αύτῷ
425 2728 555 2839 μελέτφ,
569 2752 618 2790 και
610 2724 709 2809 ἐμῶν
722 2726 855 2838 ἐμπάζεο
863 2727 979 2808 μύθων.

283 2818 380 2899 Την
358 2817 388 2880 δ
402 2843 441 2880 αυ
425 2809 629 2900 Τηλέμαχος
642 2816 823 2898 πεπνυμένος
836 2815 938 2880 ἀντίον
951 2812 1040 2898 ηύδα·

237 2905 344 2985 ξεῖν,
327 2932 393 2989 ῃτοι
405 2904 458 2990 μέν
472 2913 568 2972 ταῦτα
582 2907 656 2988 φίλα
671 2907 802 2992 φρονέων
816 2904 976 2990 ἀγορεύεις,

237 2994 310 3070 όόςτε
323 2997 451 3109 πατὴρ
436 3025 459 3061 ω
445 2991 567 3071 παιδί,
581 2993 631 3061 καὶ
646 2993 755 3062 οόποτε
768 2999 895 3078 λησομαι
910 2995 1018 3058 αὐτῶν.

237 3085 338 3151 ἀλλ”
318 3113 369 3171 αχε
382 3093 433 3152 666
447 3089 604 3170 ἐπίμεινον,
618 3087 802 3198 ἐπειγόμενός
815 3112 869 3170 περ
883 3087 976 3160 ὁδοῖο,

166 3175 254 3245 310’
237 3202 319 3262 οφρα
332 3174 531 3294 λοεσσάμενός
544 3203 584 3250 τε,
599 3175 817 3261 τεταρπόμενός
830 3202 861 3240 τε
875 3174 1011 3258 φίλον”
976 3200 1039 3260 κηρ,

239 3270 362 3356 δῶρον”
347 3295 419 3352 εχων
432 3265 481 3334 ἐπὶ
495 3273 549 3352 νῆα
562 3266 636 3350 κίῃς,
648 3267 760 3353 χαίρων
773 3267 814 3332 ἐνι
806 3263 925 3350 δνμῷ,
