2436 3728
429 490 893 577 ΟΔῩΣΣΕΙΑΣ
936 502 986 575 Ψ.

305 753 461 821 Penelopen,
473 753 556 806 adhuc
566 753 747 818 dormientem,
759 755 850 805 excitat
858 755 992 822 Euryclea,
1003 755 1155 825 utUlyesem

255 821 302 872 tub
312 823 427 873 mendici
437 825 525 874 habitu
534 827 643 885 latuisse,
664 837 688 873 et
698 841 791 890 procot
802 826 858 873 telis
870 825 923 874 eius
934 825 1063 886 cecidisse,
1086 846 1156 876 ιιιιιι-

255 893 301 942 tier
311 890 416 956 (1-31)·
451 892 583 942 Νοεοειιὰἱ
593 893 685 958 cupida
701 893 834 944 descendit
844 895 939 958 regina,
952 895 1019 943 inter
1031 897 1157 958 gaudium

254 972 403 1025 metumque
414 962 579 1022 fluctuarent
589 961 696 1012 caedem
705 964 789 1026 potius
800 963 831 1011 ab
842 964 927 1026 aliquo
939 963 1049 1014 deorum
1058 965 1157 1014 editam

253 1040 356 1094 putans:
378 1040 443 1076 etue
457 1031 613 1078 assidentem
633 1029 738 1092 quidem
757 1031 843 1078 virrun
861 1043 957 1080 temere
978 1031 1158 1098 creditipeum

254 1113 315 1156 esse,
325 1111 380 1156 nec,
391 1098 505 1158 quamvis
522 1115 536 1145 a
552 1098 604 1144 filio
621 1097 760 1158 obiurgata,
779 1098 918 1162 alloquitur
934 1095 1085 1164 (δα-110).
1122 1100 1160 1151 At

252 1162 364 1228 U1yrrer,
384 1179 416 1210 ne
427 1165 513 1214 rtatim
522 1179 563 1214 ree
573 1181 620 1230 per
628 1165 722 1214 urbem
732 1166 857 1228 vulgetur,
878 1166 1063 1215 Telemachum
1073 1181 1100 1216 et
1108 1187 1158 1234 pa-

252 1243 333 1280 rtoree
343 1248 405 1280 cum
414 1233 512 1282 ancillis
523 1233 629 1282 choreae
639 1249 714 1298 agere
731 1234 814 1296 iubet3
833 1236 951 1300 lutusque
967 1251 1030 1284 mox
1040 1237 1094 1299 ipre
1107 1251 1134 1286 et
1143 1257 1159 1286 a

252 1299 370 1350 Minerva
380 1301 478 1351 iuvenis
489 1301 611 1360 redditur,
619 1301 651 1350 ad
658 1318 767 1352 uxorem
776 1303 916 1364 revertitur,
923 1305 963 1354 cui
972 1303 1158 1356 lentitudinem

253 1369 391 1434 exprobrat
401 1369 423 1432 (ι
431 1387 458 1420 ιι
469 1398 484 1408 -
497 1367 563 1438 172).
596 1371 714 1420 Tandem
724 1371 774 1427 illa,
786 1387 836 1435 quo
852 1374 947 1420 cautius
960 1389 1051 1421 rerum
1061 1377 1157 1439 explo-

252 1450 299 1495 ret,
310 1437 342 1486 de
353 1439 439 1502 positu
448 1439 507 1486 lecti
522 1439 635 1502 genialis,
656 1440 687 1489 ab
698 1440 753 1504 ipso
769 1439 833 1487 olim
842 1440 964 1500 fabricati,
984 1442 1020 1489 ric
1029 1441 1155 1506 loquitur,

251 1517 280 1555 ut
289 1506 470 1571 respondendo
480 1508 555 1571 plene
565 1520 650 1572 pateat
665 1509 752 1574 opifex
765 1509 872 1558 meritur
883 1505 942 1572 (173
951 1530 968 1541 ·
977 1508 1047 1572 204).
1083 1512 1155 1560 Tum

253 1573 364 1638 deniqne
376 1571 462 1639 agnito
468 1575 554 1642 Ulysei
565 1573 649 1641 primo
660 1579 755 1626 amoris
765 1579 838 1641 signe
848 1576 891 1625 dat
896 1575 1031 1640 Penelope,
1038 1579 1154 1630 orditur-

252 1661 301 1708 que
321 1660 476 1702 sermonem,
496 1645 630 1709 quinoque
651 1647 677 1694 in
688 1657 798 1705 noctem,
820 1662 898 1709 quam
913 1645 1055 1694 amantibus
1075 1649 1153 1698 solito

251 1713 399 1775 longiorem
418 1711 542 1770 facitdea,
568 1715 656 1762 multis
667 1714 699 1762 de
710 1715 786 1763 rebus
798 1713 918 1776 hebetum
942 1714 1018 1762 etiam
1037 1716 1065 1763 in
1084 1717 1153 1766 leeto

255 1776 369 1844 (ηαδ-ε
388 1779 432 1843 6),
458 1781 503 1829 ubi
522 1779 626 1847 Ulysser
645 1784 767 1833 laborum
785 1799 891 1832 suorum
910 1798 1038 1831 summam
1058 1787 1153 1848 repetit

254 1845 346 1926 (297-
390 1846 430 1912 3).
465 1848 672 1914 Manepostridie
682 1851 791 1901 domum
800 1849 1151 1917 mundntPenelopue,atque,

252 1927 280 1963 ut
290 1933 316 1961 ιιι
327 1932 356 1963 ea
365 1933 391 1964 te
403 1915 487 1976 abdat,
498 1931 601 1981 monet;
613 1921 667 1983 ipse
679 1935 764 1970 autem
774 1932 885 1972 armatus
896 1937 956 1970 cum
965 1921 1017 1969 filio
1029 1932 1054 1970 et
1063 1933 1152 1988 pasto-

251 1983 322 2033 ribus
333 2001 376 2034 rut
388 1986 439 2034 exit
449 1984 482 2034 ad
491 1985 602 2036 Laerten
622 1988 685 2049 (544
693 2015 709 2025 -
720 1987 790 2055 572).

267 2138 472 2230 Ὀδυσσέως
496 2139 569 2216 ὑπὸ
596 2139 817 2240 Πηνελόπης
842 2141 1130 2245 ἅναγντορισμός.

252 2269 360 2377 Γρηῢς
374 2295 405 2356 δ’
418 2292 460 2363 είς
473 2291 587 2377 ὑπερῷ’
601 2292 768 2375 οἷνεβήσατο
788 2292 996 2375 καγχαλόωσα,

252 2381 391 2464 δεσποίνῃ
405 2381 529 2466 ἐρέουσα
543 2380 631 2462 φίλον
643 2381 730 2446 πόσιν
744 2382 828 2446 ἔνδον
842 2383 945 2449 ἐόντα·

251 2472 383 2556 γούνατα
396 2473 427 2535 δ’
441 2470 621 2554 ίρῥώσαντο,
635 2470 726 2546 πόδες
740 2472 768 2536 δ’
784 2472 1044 2558 ὑπερικταίνοντο·
1130 2471 1134 2476 ’

252 2568 306 2644 στῆ
321 2561 350 2625 δ’
366 2559 414 2646 ἄρ’
428 2559 502 2646 ὑπὲρ
522 2565 662 2643 κεφαλῆς,
676 2560 731 2626 καί
739 2590 789 2646 μιν
802 2564 878 2647 πρὸς
890 2570 989 2646 μῦθον
1002 2565 1113 2632 ἔειπεν·

221 2661 238 2716 5
292 2648 406 2735 Ἕγρεο,
421 2652 619 2732 Πηνελόπεια,
633 2651 722 2733 φίλον
736 2653 830 2728 τίκος,
844 2651 925 2736 ὄφρα
939 2651 1019 2734 ἴδηαι

251 2744 440 2823 ὀφθαλμοῖσι
453 2750 555 2814 τεοῖσι,
575 2741 641 2806 τάπ’
655 2743 753 2807 ἔλδεαι
766 2741 866 2826 ἤματα
879 2742 994 2804 πάντα·

251 2826 320 2915 ἦλθ’
337 2827 479 2904 Ὀδυσείνς,
492 2826 542 2895 καὶ
556 2833 637 2895 οἷκον
651 2829 790 2906 ἱκάνεται,
810 2831 872 2913 ὀψέ
881 2855 935 2912 περ
949 2825 1063 2895 ἐλθών·

164 2988 167 2992 ,
251 2926 423 3007 μνηστῆρας
436 2921 467 2985 δ’
480 2921 604 2985 ἔκτεινεν
617 2920 773 3007 ἀγήνορας,
788 2917 848 2984 οίτε
862 2919 891 2982 οἱ
904 2921 986 2985 οἶκον

245 3015 404 3095 κήδεσκον,
418 3006 468 3075 καί
481 3013 606 3093 κτήματ’
620 3012 695 3085 ἔδον,
708 3010 833 3094 βιόωντό
847 3033 880 3072 τε
893 3017 997 3076 παῖδα.

207 3113 243 3168 10
303 3100 364 3183 Τὴν
377 3101 409 3164 δ’
422 3094 494 3166 aire
507 3100 661 3185 προςίειπε
674 3098 825 3184 περίφρων
838 3102 1041 3182 Πηνελόπεια·

253 3200 329 3271 μαῖα
342 3190 423 3272 φίλη,
435 3187 548 3275 μάργην
562 3214 594 3254 σε
607 3185 675 3252 θεολ
688 3190 798 3253 θέσαν·
818 3187 879 3255 οἵτε
893 3187 1034 3257 δύνανται

254 3277 374 3360 ίίφρονα
386 3284 510 3360 ποιῆσαι
524 3275 574 3344 καί
587 3277 735 3361 ἐπίφρονά
749 3305 803 3364 περ
816 3281 885 3366 μάλ’
894 3281 998 3355 ι’ίντα,
