2410 3728
147 211 170 274 2
445 209 746 274 ΟΛΤΣΣΕΙΑΣ
772 209 816 274 A.

217 350 285 416 ἀλλ’
300 347 365 414 οὐδ’
382 345 422 422 ὣς
436 347 561 434 ἑτάρους
575 345 732 434 ε’ῥρόσατο,
746 349 858 432 ἱέμενός
871 375 942 435 περ·

217 441 316 504 αὐτῶν
329 436 384 522 γάρ
398 441 573 548 σφετέρῃσιν
587 439 811 521 ἀτασθαλίῃσιν
825 436 946 504 όλοντο·

126 526 129 536 ’
216 530 327 610 κη’πιοι,
340 527 369 593 06
382 524 463 593 κατά
476 527 564 614 βοός
571 529 733 613 Τπερίονος
746 528 876 592 Ἠελίοιο

216 615 342 701 ἤσθιον·
357 614 453 704 αὐτὰρ
467 621 482 682 6
496 628 591 682 τοῖσιν
605 617 791 700 ἀφείλετο’
759 642 899 700 νοστιμον
912 611 1000 732 ἦμμρ

172 719 207 776 10
222 713 281 773 τῶν
295 707 412 791 ἀμόθεν
424 733 481 790 γε,
477 703 548 782 666,
561 705 693 791 θόγατερ
707 707 833 781 Λιός,’
805 705 867 771 ειπὲ
881 704 931 771 καὶ
944 711 1019 820 ἡμῖν.

256 794 344 863 ”Ενθ
358 793 493 862 ἀλλσι
458 822 511 879 μεν
524 794 644 872 πάντες,
659 793 724 861 όσοι
738 793 830 908 φόγογ
846 793 935 860 αι’πόν
949 793 1088 884 όλεθρον,

217 884 295 952 οἴκοι
308 886 387 961 έσαν,
401 885 531 969 πόλεμόν
543 913 576 954 τε
588 885 767 970 πεφευγότες
779 885 829 968 666
841 883 1020 952 θάλασσαν·

216 978 270 1042 τὸν
284 977 314 1040 δ’
329 975 446 1050 οἶον,’
413 1000 521 1041 νοστοο
534 977 709 1060 κεχρημένον
723 974 772 1058 666
785 975 933 1059 γυναικός,

215 1066 331 1149 Νόμφη
344 1065 470 1131 πότνι’
453 1091 536 1150 ερυκε
548 1061 700 1150 Καλυψοῖ),
715 1072 765 1130 δῖα
777 1063 890 1140 θεάων,

168 1165 203 1223 15
216 1157 247 1221 έν
260 1157 366 1220 σπέσσι
379 1160 566 1238 γλαφυροῖσι,
578 1155 748 1238 λιλαιομένη
761 1154 849 1221 πόσιν
862 1157 945 1220 εἶναι.

217 1245 279 1312 ἀλλ’
296 1243 346 1312 ὅτε
359 1245 394 1328 66
408 1245 475 1318 ἔτος
488 1239 574 1328 ἦλθε,
587 1245 808 1328 περιπλομένων
822 1247 972 1320 ἐνιαυτῶν,

216 1342 268 1416 τῷ
273 1363 301 1400 οι
295 1335 521 1400 ἐπεκλώσαντο
534 1331 603 1400 θεοὶ
616 1335 732 1401 οἶκόνδε
744 1335 866 1402 νέεσθαι

216 1425 258 1499 είς
268 1425 405 1508 Ἰθάκην·
420 1427 486 1490 οὐδ’
500 1425 576 1490 ἔνθα
589 1426 771 1539 πεφυγμένος
785 1420 833 1507 ἦεν
847 1423 976 1498 ἀέθλων,

215 1513 266 1582 καὶ
278 1513 354 1599 μετὰ
367 1515 426 1581 οἷσι
440 1514 563 1624 φίλοισι.
585 1511 655 1582 θεολ
670 1517 699 1580 δ’
713 1509 880 1600 ἐλέαιρον
860 1538 1001 1587 απαντες,

167 1620 205 1674 20
218 1605 308 1687 νόσφι
319 1601 571 1679 Ποσειδάωνος·“
559 1633 575 1670 ο
589 1607 619 1669 δ’
633 1601 779 1687 ἀσπερχὲς
790 1603 938 1714 μενέαινεν

217 1696 351 1775 ἀντιθέῳ
361 1693 487 1780 Ὀδυσῆϊ,
501 1695 599 1781 πάρος
612 1691 646 1779 ἢν
659 1703 745 1778 γαῖαν
760 1692 889 1759 ἱκέσθαι.

259 1779 365 1852 πόλλ’
353 1811 368 1850 ο
381 1784 433 1869 μὲν
445 1786 609 1856 Αἰθίοπας
621 1782 783 1868 μετεκίαθε
795 1779 933 1866 τηλόθ’
918 1779 1060 1856 εόντας-

214 1876 387 1950 Αἰθίοπας,
400 1902 447 1940 τοι
439 1871 561 1988 διγθά
567 1873 762 1949 δεδαίαται,”
745 1899 867 1988 ισχατοι
881 1873 1005 1956 ἀνδρῶν,

216 1967 245 2030 οἱ
256 1965 308 2078 μέγ
322 1966 500 2074 δυσομένου
505 1965 677 2075 Τπερίφνος,
691 1991 719 2030 οι
712 1965 794 2030 δΗ
778 1963 949 2037 ανιόντος-

164 2067 202 2122 25
216 2056 341 2120 ἀντιόων
354 2051 472 2138 ταόρων
485 2081 517 2118 τε
530 2051 580 2118 καὶ
594 2054 717 2138 ἀρνειῶν
730 2055 905 2166 ἑκατόμβης.

214 2145 278 2208 ἔνθ’
292 2139 340 2226 όγε
353 2141 478 2252 τέρπετο
493 2137 573 2206 δαιτὶ
586 2145 770 2226 παρήμενος·
785 2169 813 2206 οι
807 2142 858 2206 66
872 2143 907 2222 66
921 2138 1010 2206 άλλοι

212 2232 336 2315 Ζηνὸς’
322 2227 363 2295 ενλ
374 2229 545 2344 μεγάροισιν
557 2231 715 2346 Ὀλυμπίου
729 2231 841 2314 ἀθρόοι
855 2225 939 2312 ἦσαν..

121 2363 122 2370 ·
214 2332 293 2390 τοῖσι
307 2321 338 2387 66
350 2315 486 2405 μόθων
470 2346 540 2433 ηρχε
553 2322 654 2435 πατὴρ
667 2323 782 2431 αγδρολν
796 2346 828 2386 τε
840 2323 921 2390 θεῶν
934 2343 979 2384 τε·

214 2415 347 2496 μνησατο
361 2408 418 2498 γὰρ
432 2409 511 2478 κατά
524 2413 654 2496 θυμὸν’
635 2408 977 2495 αμόμονοςΑἰγίσθοιο,
1059 2460 1075 2492 s

166 2515 203 2571 30
217 2530 270 2569 τον
283 2533 299 2589 ρ
305 2497 567 2587 Ἀγαμεμνονίδης
581 2502 759 2616 τηλεκλυτὸς
773 2501 869 2566 ἔκταν’
882 2501 1033 2584 Ὀρέστης

214 2599 268 2659 τοῦ
282 2591 317 2677 όγ
317 2590 571 2678 ’έπιμνησθελς,”
555 2619 605 2658 επε
606 2591 813 2656 ’ἀθανάτοισι
821 2591 972 2703 μετηύδα

213 2711 226 2757 x
252 2679 345 2749 Ω
306 2709 410 2758 ποποι,
424 2683 487 2750 οἷον
501 2685 539 2766 66
548 2709 581 2746 νυ
594 2679 687 2755 θεοὺς
699 2677 804 2793 βροτφλ
817 2679 1007 2791 αἰτιόωνται]

215 2773 354 2882 66666666
367 2769 423 2857 γάρ
437 2797 512 2854 φασι
526 2769 588 2837 κάκ’
604 2773 739 2885 ἔμμεναι·
754 2799 783 2836 οι
776 2770 828 2837 ‘66
842 2767 892 2836 καὶ
906 2766 993 2834 αὐτοὶ

215 2869 324 2944 σφῇσιν
337 2863 587 2945 ἀτασθαλίῃσιν
574 2864 740 2948 νπέρμορον
754 2859 863 2970 6666*
847 2886 970 2944 εχουσιν.

143 2989 155 3006 2
165 2954 233 3020 35
214 2980 255 3027 ως
267 2947 318 3017 καὶ
330 2957 381 3016 νόν
393 2950 572 3036 Αἴγισθος
558 2954 726 3070 υπέρμορον
738 2947 893 3037 Ατρείδαο

214 3048 276 3156 766
271 3040 404 3126 ’όλοχον
416 3044 554 3156 μνηστήν,
568 3045 620 3108 τὸν
634 3044 694 3106 6'''
678 3069 781 3108 οκτανε
793 3043 990 3124 νοστήσαντα,

214 3131 300 3207 εἰδὼς
313 3129 403 3200 αι’πίιν
417 3130 588 3218 όλεθρον·’
575 3159 636 3196 επει
628 3129 752 3218 πρόί
723 3159 751 3197 οι
765 3129 884 3215 εἴπομεν
897 3137 987 3214 ημεΐς,

209 3223 349 3340 Ερμείαν
361 3225 545 3310 πέμψαντες,
560 3221 704 3288 έόσκοπον
717 3217 781 3307 Ᾰργ
781 3223 935 3334 ειφόντην,

213 3317 280 3398 μη’τ’
295 3315 386 3380 αὐτὸν
399 3313 529 3390 κτείνειν,
542 3315 615 3397 μήτε
627 3311 787 3397 μνάασθαι
800 3310 929 3378 άκοιτιν·
